2165 3388
112 95 159 139 440
409 91 454 128 Pars
469 92 481 128 l.
503 91 635 138 Antiquitates
647 101 711 127 sacrae

116 206 200 257 divitias
216 216 237 258 et
252 213 308 258 vitae
325 214 436 258 commoda
451 215 526 273 magni
542 214 657 265 ducebant3
674 213 804 271 promissum
821 214 893 256 autem
908 211 1008 255 messiam

115 302 164 330 cum
186 287 260 335 ceteris
282 287 370 331 ludaeis
393 287 508 345 sperabant
528 291 549 332 et
569 287 705 332 vehementer
727 285 876 330 desiderabant
896 287 1008 343 tamquam

115 361 185 404 virum
200 360 341 404 fortissimum
357 364 378 404 et
393 376 471 420 regem,
493 362 530 419 qui
550 376 637 407 excusso
655 360 737 404 alienae
752 358 843 403 dicionis
865 359 916 416 iugo
933 372 1009 402 omnes

115 431 189 491 gentes
199 433 223 476 in
233 432 365 477 iudaeorum
380 438 508 491 potestatem
523 435 647 480 redacturus
663 436 684 477 et
699 435 786 491 gentem
800 432 913 477 Judaicam
929 434 1008 488 poten-

115 506 221 550 tissimam
237 509 259 550 et
274 506 420 551 felicissimam
435 507 460 552 in
476 508 527 553 orbe
543 512 647 553 terrarum
663 507 784 551 redditurus
801 509 860 550 esset.
963 499 964 502 ¹

175 617 289 664 ildaolalio.
309 644 338 652 -
358 623 457 663 Nonnulli
479 625 519 666 viri
540 624 593 665 docti
615 623 732 663 existimant
754 622 868 662 Karaeos
891 616 1008 676 (Kanaites),

114 682 189 721 sectam
205 682 329 725 ludaeorum
346 685 426 725 saeculo
443 685 528 737 septimo
544 686 577 725 arel
593 688 662 724 octavo
683 686 753 733 ortam,
770 696 806 734 pro
827 682 938 734 propagine
959 681 1008 721 Sad-

114 743 235 785 ducaeorum
252 744 355 785 habendos
372 758 420 786 esse.
443 746 501 793 Quod
517 760 529 786 a
543 759 590 786 uero
606 758 687 797 prorsus
703 736 812 785 abhorrere
825 743 958 783 iudicandum
970 745 1008 795 est,

112 816 161 860 cum
182 804 213 843 illi
235 818 246 843 a
268 806 383 858 praecipuis
406 807 566 847 Sadducaeorum
585 806 686 847 erroribus
707 806 768 847 liberi
784 806 857 846 essent.
889 803 1009 844 Reiciebant

114 864 203 921 quidem,
219 879 282 917 acque
298 881 320 908 ac
337 868 450 918 Sadducaei,
468 881 518 919 quae
534 868 618 907 maiores
633 867 758 907 tradiderant
774 870 795 907 et
811 865 848 907 soli
865 864 935 904 sensui
952 865 1008 913 litte-

113 925 152 966 rali
169 926 267 967 librorum
284 929 400 969 divinorum
415 929 547 969 inhaerebant
567 924 637 985 (quare
653 930 713 969 eliam
729 942 803 970 nomen
814 926 867 985 ltffi?
879 928 1008 976 arrepturae

115 985 250 1044 acceperunt),
267 991 337 1030 ceteris
358 992 426 1030 autem
448 990 470 1029 in
491 990 551 1030 rebus
575 990 680 1042 opiniones
702 989 842 1030 multitudinis
865 987 1008 1039 sequebantur.

115 1048 177 1088 Nulla
193 1062 263 1089 eorum
279 1051 333 1102 apud
350 1047 445 1101 antiquos
461 1050 583 1091 Judaeorum
600 1051 708 1101 scriptores
724 1051 748 1090 lit
764 1051 845 1107 mentio.

175 1160 336 1200 Boetbosaei
347 1156 449 1215 (ΜΝΞ),
460 1173 546 1212 quorum
557 1160 617 1200 etiam
628 1161 650 1199 in
661 1160 752 1200 bliscbna
763 1160 823 1200 semel
835 1159 911 1199 mentio
923 1159 947 1198 lit
958 1155 1008 1213 (Me-

115 1220 204 1260 nachoth
217 1227 249 1268 lo,
263 1218 290 1275 3),
307 1234 381 1260 nomen
398 1235 409 1261 a
425 1221 516 1270 Boetbos,
533 1235 573 1261 una
589 1235 612 1262 er
627 1221 652 1261 iis
668 1221 757 1271 familiis,
773 1221 827 1261 unde
844 1219 940 1265 extremis
956 1225 1008 1260 tem-

114 1280 198 1331 poribus
215 1281 304 1322 oiuitatis
320 1282 418 1322 Judaicae
434 1283 508 1322 summi
524 1283 637 1322 sacerdotes
651 1283 790 1329 sumebantur,
806 1283 917 1323 traxerunt.
935 1281 1009 1322 Procul

115 1342 177 1382 dubio
194 1356 230 1393 pro
247 1343 346 1393 peculiari
364 1344 450 1394 quadarn
467 1345 531 1383 seclae
548 1343 708 1383 Sadducaeorum
724 1347 782 1395 parte
798 1342 884 1382 habendi
902 1344 955 1382 sunt.

465 1534 540 1593 Caput
556 1536 656 1581 tertium

437 1652 478 1697 De
498 1652 680 1698 samaritanis

175 1789 303 1834 Samaritani
320 1805 331 1832 e
347 1790 407 1834 libris
421 1792 484 1834 sacris
501 1806 569 1834 unum
586 1790 756 1835 Pentateuchum
772 1792 919 1848 agnoscebant
931 1795 942 1832 1.
963 1789 1008 1832 Ha-

114 1863 194 1905 bebant
213 1862 277 1906 eliam
299 1864 379 1907 librum
396 1864 468 1917 Jcsua,
489 1865 526 1922 qui
543 1868 614 1908 tamen
631 1865 675 1908 solo
692 1864 736 1907 fere
753 1864 818 1908 titulo
834 1879 883 1907 cnm
899 1864 956 1923 libro
973 1877 1008 1905 ca-

114 1936 193 1979 nonico
210 1937 254 1979 eius
270 1937 365 1981 nominis
381 1939 481 1982 conuenit
496 1953 565 1995 neque
581 1937 697 1995 quidquam
713 1937 773 1981 aliud
786 1941 817 1980 est
827 1936 869 1980 nisi
881 1936 1008 1980 chronicum

114 2009 227 2066 quoddam,
244 2010 361 2054 identidem
377 2013 469 2064 auctam,
486 2012 543 2068 quod
559 2027 591 2055 res
606 2013 676 2069 gestas
693 2026 705 2054 a
720 2011 790 2054 morte
807 2010 872 2068 blesis
893 2025 960 2066 usque
981 2010 1009 2052 ad

114 2085 212 2139 tempora
222 2084 356 2139 imperatoris
367 2084 470 2128 Hadriani
481 2086 635 2142 complectitur.
653 2084 773 2128 Credebant
784 2099 828 2127 esse
840 2083 928 2142 angelos
939 2084 1008 2126 bonos

114 2159 135 2204 et
156 2156 229 2209 malos,
251 2157 314 2199 deum
335 2172 408 2201 omnes
429 2158 578 2211 iudicaturum,
599 2173 687 2215 corpora
708 2161 857 2209 resurrectura,
879 2158 1009 2214 respuebant

114 2231 186 2273 autem
202 2244 256 2287 quae
272 2229 349 2273 ‚lurlaei
365 2246 377 2273 a
392 2232 508 2275 maioribus
524 2246 574 2276 voce
593 2231 699 2287 accepisse
720 2231 863 2276 affirmabant.
896 2230 1009 2274 Praeterea

114 2303 228 2347 credebant
244 2302 344 2345 messiam
360 2304 427 2362 (ἓῦῆῧ,
439 2303 662 2362 ἱῆΨΠεοοηυω-εον),
679 2304 716 2361 qui
731 2307 806 2347 tamen
816 2303 876 2346 llllose
892 2317 938 2346 non
954 2304 1009 2345 esset

116 2376 215 2433 superior,
232 2390 269 2419 sex
285 2375 374 2419 milibus
390 2376 453 2419 annis
468 2379 517 2434 post
532 2377 605 2421 orbem
621 2379 689 2421 terrae
705 2376 816 2420 conditum
831 2379 954 2427 venturum,
971 2375 1009 2431 qui

115 2464 189 2492 omnes
205 2452 281 2508 gentes
297 2448 324 2492 ad
343 2464 411 2493 veram
427 2448 492 2493 fidem
507 2450 629 2507 perduceret
645 2450 680 2509 (cf,
696 2450 724 2493 Jo
740 2454 762 2501 4,
780 2450 823 2509 25).
850 2449 1008 2492 Asseverabant

115 2522 205 2580 denique
221 2523 291 2565 locum
309 2522 441 2566 adorationis
457 2538 502 2566 non
514 2524 616 2580 templum
628 2523 851 2579 Hierosolymitanum,
862 2522 899 2566 secl
910 2514 1009 2565 montem

115 2594 206 2638 Gariuim
222 2610 266 2639 esse
283 2596 319 2653 (ib.
331 2612 350 2642 v.
362 2586 458 2644 SOsJos.⁴
469 2595 506 2639 Ad
519 2601 552 2649 13,
564 2602 583 2645 3.
597 2598 624 2656 4),
641 2598 679 2641 ubi
695 2598 776 2653 septem
792 2596 847 2639 festa
862 2594 941 2639 biblica
957 2609 1008 2652 age-

114 2669 168 2712 bant
178 2670 200 2712 et
210 2684 268 2712 sacra
281 2668 390 2725 paschalia
401 2668 508 2713 iaciebant
516 2674 530 2715 ².
558 2669 634 2714 Odium
651 2670 707 2714 inter
724 2669 871 2714 Samaritanos
882 2672 903 2711 et
914 2667 1008 2712 Judaeos
1061 2692 1062 2695 ¹

113 2744 191 2784 notum
207 2745 262 2788 esra

180 2844 360 2893 ¹„Pentateuehus
373 2844 524 2884 Samaritanus
536 2845 557 2884 in
569 2846 636 2885 charta
652 2858 771 2898 pergamena
787 2844 861 2884 litteris
877 2844 1008 2883 Samaritauis

114 2905 156 2944 sive
173 2905 262 2956 antiquis
278 2905 381 2945 Hebraicis
399 2904 492 2956 scriptus,
513 2905 534 2944 in
556 2917 658 2958 synagoga
674 2906 847 2960 Samaritanorum
864 2903 957 2960 (Keniset
978 2918 1008 2945 es-

114 2965 198 3017 Samire)
214 2966 236 3005 in
252 2967 303 3006 urbe
319 2966 413 3006 Nabulus
429 2968 548 3007 asservatur.
570 2966 689 3007 Samaritani
705 2967 791 3007 tradunt
807 2979 853 3005 eum
870 2968 965 3018 anepote
976 2967 1007 3005 vel

114 3029 224 3079 pronepote
246 3028 320 3067 summi
341 3026 450 3067 sacerdotis
466 3027 539 3075 Aaron,
557 3030 661 3078 postquam
684 3028 769 3068 Hebraei
790 3028 812 3067 in
831 3030 909 3067 terram
929 3027 1009 3066 Oanaan

114 3087 288 3140 immigraverunt,
306 3088 443 3140 conscriptmn
459 3100 508 3127 esse.
530 3087 586 3135 Quod
602 3089 627 3128 ab
638 3089 732 3128 omnibus
743 3089 792 3129 viris
804 3088 868 3128 doctis
880 3088 1008 3140 repudiatur,

115 3148 204 3195 duorum
225 3149 259 3189 alii
281 3162 326 3189 eum
347 3149 401 3189 inter
421 3163 444 3190 ea
460 3149 591 3190 Pentateuchi
607 3150 727 3202 exemplaria
743 3144 893 3190 numerandum
910 3161 954 3189 esse
971 3163 1009 3201 pu-
