2218 3388
130 105 158 150 80
424 102 469 139 Pars
483 102 498 138 Ι.
519 102 651 149 Antiquitates
664 115 725 141 saorae

129 231 158 272 W.
175 230 285 270 Reiohel
305 230 389 281 quidem
410 227 449 285 (op.
467 226 511 285 all.)
533 231 554 270 et
573 231 591 270 J.
608 231 743 273 Meinlrold
765 229 806 289 (op.
827 231 867 288 all.)
887 247 956 273 aream
978 246 1022 273 eum
1077 285 1079 289 ,

129 292 227 336 inanibus
249 289 302 332 sellis
323 292 408 331 deorum
424 291 546 331 Graecorum
566 292 674 333 convenire
694 294 827 334 contendunt.
857 295 881 337 lll.
897 295 1023 345 Dibelius

130 351 168 410 (op.
182 350 226 408 all.)
244 351 389 392 similitudines
405 365 427 409 er
442 352 561 404 Babylonia,
577 354 677 405 Aegypto,
694 354 795 395 Sendsirli
810 355 909 406 profectas
928 357 1021 407 protulit.

130 415 165 455 Oui
180 414 207 458 H.
224 412 326 459 Gunkel
348 426 428 465 quoque
449 410 493 469 (op.
510 410 550 468 alr)
572 414 708 465 adstipulatus
728 419 767 460 est.
800 417 866 467 Atque
881 416 909 455 W.
929 417 952 456 B.
969 417 1022 456 Ste-

129 488 230 516 venson
246 470 267 530 (l.
279 469 302 529 o.)
319 487 358 526 pro
376 474 474 526 opinione,
492 488 554 526 quam
565 476 589 514 M.
601 475 695 515 Dibelius
710 474 858 528 pronuntiavit,
873 478 952 517 multos
968 478 1022 518 locos

129 537 191 585 affert,
209 536 264 575 unde
279 537 366 587 apparet
381 535 505 576 vocabulum
520 536 593 586 „oista“
610 549 648 587 pro
665 537 748 586 „sedile“
765 539 859 589 usurpari
875 538 972 589 potuisse.

160 598 162 602 ’
188 598 218 637 At
240 596 329 636 dubitari
352 610 394 636 non
414 598 488 648 potest,
512 597 561 648 quin
582 608 635 648 quae
657 597 678 636 in
700 601 768 638 vetere
791 600 909 639 testamento
933 599 958 639 de
979 613 1024 640 arua-

129 658 215 698 foederis
232 658 332 707 dicuntur,
355 671 391 709 pro
407 658 504 708 opinione
522 658 558 697 illa
573 658 620 707 sint,
643 671 686 697 eam
701 672 770 699 veram
787 659 861 713 sistam,
881 673 924 700 non
941 663 1021 701 tantum

129 719 201 759 solium
219 719 287 760 fuisse.
313 719 354 758 Pro
371 719 438 758 eadem
454 722 487 758 est
503 719 562 759 etiarn
578 731 630 758 usus
647 720 742 760 cistarum
752 721 777 760 in
788 720 919 773 religionibus
937 722 1021 763 aliarum

129 780 223 833 gentium
239 780 321 820 orient-is
340 779 426 831 antiqui.

470 970 548 1027 Caput
563 972 679 1027 quintum

207 1114 250 1158 De
268 1110 405 1166 impensis
423 1111 453 1156 in
472 1112 692 1158 tabernaculum
709 1112 836 1159 foederis
855 1114 938 1161 saetis

187 1262 222 1305 Ad
243 1262 404 1305 tabernaculum
425 1255 512 1304 saorum
533 1275 595 1317 quarn
618 1262 833 1319 magnificentissime
853 1265 1021 1309 construendum

128 1340 190 1393 atque
212 1335 361 1379 exornandum
382 1335 450 1378 llloses
473 1335 596 1378 universum
618 1335 723 1392 populum
745 1336 869 1380 cohortatus
889 1341 928 1390 est,
952 1341 976 1381 ut
996 1354 1022 1382 er

56 1470 59 1475 ⁴
127 1409 201 1466 spoliis
223 1408 315 1466 Aegypti
336 1407 469 1465 propriisque
492 1408 632 1451 facultatibus
653 1424 691 1452 sua
709 1412 788 1466 sponte
808 1410 921 1468 animoque
944 1411 1020 1456 devoto

128 1482 234 1525 conferret
250 1480 355 1538 quidquid
376 1481 402 1523 ad
420 1480 442 1523 id
458 1496 514 1537 opus
534 1481 684 1537 requireretur.
715 1481 754 1525 0111
771 1482 911 1539 obsequentes
929 1484 1020 1529 Hebraei

127 1554 230 1606 armillas
240 1554 330 1606 inaures,
342 1555 425 1607 anulos,
436 1569 539 1612 gemmas,
550 1569 599 1597 vasa
610 1570 676 1597 aurea
691 1557 712 1598 et
726 1558 836 1612 argentea,
851 1556 909 1599 varia
925 1558 1020 1611 metella,

127 1627 275 1684 hyacinthum,
291 1642 385 1680 coecum,
401 1642 523 1684 purpuram,
536 1626 629 1682 byssum,
642 1627 711 1684 pelles,
723 1628 786 1686 ligna
802 1629 919 1672 aoaoiarnm
938 1629 1022 1687 aliaque

127 1701 171 1744 eius
189 1701 251 1744 modi
269 1702 338 1744 multa
356 1701 481 1744 obtulerunt
501 1700 542 1761 (Er
558 1705 591 1753 35,
607 1701 700 1759 4-m29).
729 1701 787 1744 Auri
802 1701 826 1744 in
842 1704 885 1746 toto
902 1716 968 1758 opere
984 1718 1019 1745 ex-

127 1789 191 1831 pensa
215 1777 266 1817 sunt
286 1774 369 1832 viginti
390 1789 466 1817 novem
490 1774 571 1817 talenta
593 1776 615 1817 et
638 1773 771 1831 septingenti
793 1774 883 1832 triginta
903 1775 954 1818 sioli
974 1775 987 1820 i
1003 1791 1019 1823 e,

128 1851 208 1896 37.730
225 1848 277 1900 sicli,
298 1848 385 1904 argenti
405 1851 492 1891 eentum
512 1847 592 1890 talenta
609 1849 631 1889 et
647 1846 706 1889 mille
726 1848 861 1905 septingenti
879 1848 1020 1906 septuaginta

127 1920 223 1978 quinque
239 1921 286 1964 sioli
301 1921 313 1967 i.
325 1936 343 1963 e.
361 1924 455 1969 301.775
471 1920 527 1973 sicli,
544 1920 599 1981 aeris
613 1920 750 1977 septuaginta
766 1921 849 1964 talenta
864 1923 884 1964 et
900 1921 1019 1965 duomilia

127 1994 282 2052 quadringenti
297 1994 346 2037 sicli
356 1999 363 2025 1
379 1994 392 2037 i.
404 2009 419 2037 e.
431 1992 636 2054 212400816001).
648 1997 683 2045 38,
691 1996 797 2052 24—31).
812 1992 845 2036 Ad
857 1993 1021 2037 tabernaculum

126 2067 218 2111 foederis
229 2067 386 2111 aedificandum
397 2069 418 2110 et
427 2083 479 2110 vasa
490 2067 536 2110 eius
547 2066 681 2109 conficienda
692 2066 747 2123 quod
762 2068 849 2110 tantum
860 2067 911 2120 ariri,
928 2067 1019 2124 argenti,

127 2141 180 2184 aeris
202 2141 323 2197 impensum
347 2143 385 2192 est,
406 2139 530 2183 mirandum
552 2153 596 2182 non
619 2142 658 2182 est.
690 2138 788 2196 Antiqua
809 2140 902 2196 tempora
925 2154 977 2183 auro
999 2143 1021 2184 et
1103 2173 1104 2177 ,

126 2216 216 2272 argento
238 2213 356 2257 abundasse
376 2213 449 2257 multis
470 2212 602 2256 testimoniis
624 2211 775 2255 confirmatum
797 2215 834 2266 est,
856 2213 964 2270 imprimis
980 2230 1018 2271 pro

126 2288 232 2344 Aegypto,
248 2287 303 2330 unde
314 2287 408 2330 Hebraei
418 2286 505 2344 magnis
518 2285 623 2329 thesauris
641 2285 713 2328 onusti
727 2285 820 2342 profesti
835 2290 888 2334 sunt,
915 2288 959 2330 Aes
970 2302 1018 2331 vero

126 2361 149 2404 in
164 2360 212 2417 ipsa
232 2360 361 2416 paeninsula
377 2359 480 2404 Sinaitioa
502 2358 654 2403 inveniebatur
674 2358 745 2415 ibique
761 2358 880 2415 antiquitus
896 2360 921 2403 in
938 2359 1020 2404 fodinis

125 2448 197 2477 earum
218 2433 312 2486 vallium,
334 2447 390 2490 quae
409 2431 472 2476 hodie
493 2431 558 2476 Wadi
577 2431 683 2489 blaghara
703 2434 723 2475 et
741 2431 809 2475 Wadi
830 2432 885 2484 Nasb
906 2435 1019 2486 vocantur,

126 2506 260 2563 aliorrmrque
279 2506 378 2550 locorum
398 2520 461 2563 prope
484 2505 563 2566 §arbit
582 2503 721 2547 el-Khadem
741 2505 835 2549 sitorum
857 2506 881 2549 ab
902 2506 1019 2563 Aegyptiis

125 2579 245 2625 emebatur.
718 2631 720 2633 q

184 2654 258 2710 Atque
277 2653 406 2710 quicumque
427 2655 490 2696 erant
513 2666 574 2695 sexus
595 2651 667 2695 virilis
687 2652 767 2709 viginti
792 2667 860 2696 annos
880 2653 954 2705 nati2,
975 2653 1019 2696 sive

126 2727 201 2770 divites
222 2727 267 2770 sive
286 2741 395 2783 pauperes,
417 2726 439 2768 iu
460 2740 546 2769 summa
566 2725 651 2781 praeter
671 2725 752 2769 Levites
777 2728 872 2769 sescenta
892 2726 937 2770 tria
958 2725 1019 2768 milia

125 2799 241 2857 quingenti
257 2799 416 2857 quinquaginta
432 2798 486 2856 (Nm
500 2805 518 2849 1,
530 2801 558 2845 40
568 2797 592 2857 s.)
608 2797 725 2841 seeundum
740 2799 812 2856 legem
828 2798 923 2842 divinam
940 2797 973 2840 Pir
984 2802 1019 2852 30,

127 2913 214 2957 11-16
233 2908 346 2952 dimidirnn
363 2909 410 2952 sioli
425 2908 502 2951 offerre
519 2905 624 2950 debebant
640 2907 653 2950 i.
667 2922 683 2954 e.
699 2874 790 2992 Q
807 2929 835 2944 =
852 2910 948 2956 301775
965 2908 1019 2962 sioli,

125 3006 161 3063 qui
174 3006 201 3049 ad
215 3009 300 3050 eentum
315 3008 378 3050 laases
394 3005 528 3050 tabernaculi
543 3005 596 3047 saori
612 3005 765 3049 construendas
784 3006 924 3065 (101401-
934 3010 1018 3062 1011

127 3084 221 3132 Ξ100,
238 3080 263 3123 el.
279 3079 309 3122 lix
327 3083 364 3132 26,
383 3082 415 3125 ia.
432 3083 466 3125 21.
485 3081 521 3124 25.
538 3080 572 3133 321
588 3079 609 3121 et
626 3077 654 3120 ad
670 3078 737 3135 capita
753 3079 902 3122 columnarium
918 3078 1018 3122 facienda

125 3168 200 3211 easque
217 3152 323 3196 ornandas
339 3151 522 3209 impendebantur
538 3149 576 3210 (Ex
587 3155 623 3205 38,
636 3153 739 3212 25—28).
767 3151 817 3195 Hoo
831 3151 944 3204 tributum,
961 3152 1018 3209 quod
