2147 3361
509 39 607 76 imm
961 40 1007 86 Μ

106 172 137 215 Ps
153 174 188 221 23,
205 170 229 218 53
247 171 282 219 36,
299 170 319 213 9.
341 164 398 207 PrOV
415 165 512 215 912-5·
534 162 568 206 Mt
584 167 603 219 8,
618 167 657 213 11;
673 166 755 215 2629.
778 161 921 218 L013,29)‘.
949 161 1007 215 uuae

108 240 261 288 translationes
282 238 334 282 adeo
354 237 419 280 notae
441 237 507 287 erant,
528 237 553 278 ut
568 235 682 293 scriptores
703 235 789 294 antiqui
804 235 870 278 verba
891 234 1007 278 laetarier

107 315 192 361 laetitia
208 325 232 356 ac
248 311 357 355 commmm'
373 310 394 352 et
411 309 527 351 coamm'um
543 309 663 364 promiscue
679 308 837 365 usurpaverint.
864 307 931 351 Velut
946 304 1006 355 ³de

109 387 228 434 conuiuium
243 383 297 428 Estlr
313 388 333 435 9,
351 386 379 430 18
390 396 405 425 s.
422 397 435 424 a
451 380 509 424 LXX
524 381 614 428 vertitur
630 382 735 426 vocabulo
756 388 814 443 χαρά
832 382 946 440 pendium,
963 381 1007 424 lae-

108 462 157 506 ρρρα
167 460 189 501 et
199 458 289 501 verbum
305 456 365 505 rupte!
381 454 409 498 Ps
420 458 455 506 68,
467 458 482 501 4
492 453 586 511 Vulgata
598 455 663 499 vertit
678 455 795 512 epulemur.
821 453 893 498 Etiam
908 454 933 498 in
948 467 1006 498 noro

109 532 239 577 testamento
255 535 368 590 χοροίροο
385 527 485 582 acacium,
502 526 563 585 epulo
580 527 632 570 laeto
647 527 727 584 legitur
744 527 786 588 (Mt
802 531 836 579 25,
853 531 887 575 21.
905 527 949 588 23).

170 615 223 658 llrat
238 615 335 657 veterum
356 601 542 663 consuendam
558 625 569 652 c
586 610 682 655 convivis
701 626 770 654 unum
787 611 891 669 eligerent
905 618 1006 657 rectorem

109 688 178 751 (LXX
194 686 316 749 ἡροῦμενοο)
336 684 435 736 convivii,
457 684 494 741 qui
511 681 644 728 convivalem
659 683 766 728 laetitiam
781 688 865 742 regeret
880 689 902 729 et
917 700 955 729 suo
972 701 1006 729 ar-

110 762 176 808 bitrio
186 761 250 817 leges,
266 758 374 815 imprimis
389 757 486 814 potandi,
502 757 659 814 praescriberet,
677 772 729 813 quas
740 757 821 801 violare
831 758 913 802 nemini
922 758 1006 802 licebat.

110 837 131 880 is
148 851 160 878 a
176 832 262 876 Graecis
282 837 444 893 συμποσίαρχος,
465 830 522 886 apud
538 829 647 873 Romanos
665 831 767 886 mupr'ster
782 831 874 888 bibendi,
889 833 1006 888 rnodimpe-

109 913 232 963 aaronem
248 905 344 961 conuiuii,
362 917 425 948 cenae
441 903 519 947 arbiter
535 903 658 947 vocabatur.
689 902 740 946 Eius
758 918 837 946 munus
853 902 955 947 Siracides
972 908 1006 957 35,

111 984 170 1029 1-6
187 977 288 1021 describit
298 981 312 1020 2.

174 1087 294 1141 lSirenides
311 1096 346 1138 49,
365 1096 403 1132 1s.
420 1093 547 1148 μνημόσυνον
564 1086 644 1132 Ἰωσίου
660 1091 777 1129 memoriam
793 1090 852 1130 Josr'u
872 1102 918 1129 eum
938 1104 1008 1147 ροοσι-

109 1159 157 1201 κοῖς
174 1150 195 1195 ὲν
212 1153 318 1210 συμποσίῳ
335 1149 390 1194 οἴνου
405 1152 481 1191 rnmsiea
496 1152 518 1190 m
535 1152 620 1190 carambin
636 1151 677 1190 mai
691 1151 799 1202 comparat.
825 1150 926 1191 Homerus
937 1151 1008 1203 Odyss.

112 1221 147 1263 21,
164 1218 208 1255 430
231 1214 314 1270 μολπὴν
335 1213 369 1254 aut
390 1215 494 1268 φόρμιγγα
514 1213 611 1251 ceraticum
633 1216 650 1251 οί
672 1211 770 1252 adlimam
791 1209 918 1269 ἀναθήματα
939 1212 1006 1260 δαιτός

109 1275 247 1315 additamenta
262 1274 344 1313 convivii
359 1275 422 1313 vocat.

172 1357 264 1398 Gentiles
279 1359 334 1398 inter
350 1358 443 1398 convivia
459 1357 520 1398 etiam
542 1358 612 1398 laudes
629 1358 711 1397 deorum
731 1369 802 1398 canere
818 1358 915 1400 solebant.
946 1359 1009 1399 Velut

109 1432 157 1460 oum
168 1419 267 1469 Belsazer,
284 1432 319 1458 rex
330 1418 481 1467 Chaldaeorum,
497 1418 603 1469 uxoribus,
619 1418 739 1470 paelicibus,
756 1419 861 1460 nobilibus
877 1419 1008 1471 splendidum

111 1481 229 1521 convivium
250 1480 413 1531 comparavisset,
435 1479 545 1530 „bibebant
565 1475 678 1536 (convivae)
699 1480 770 1520 vinum
787 1482 808 1520 ct
828 1480 940 1521 laudabant
961 1481 1007 1521 deos

63 1573 65 1576 .
111 1554 159 1581 suos
175 1553 253 1590 aureos,
270 1543 382 1593 argenteos,
400 1553 477 1588 aeneae,
493 1540 574 1590 ferreos,
591 1541 673 1593 ligneos,
690 1540 794 1592 lapideos“
811 1537 852 1598 (Dn
864 1547 883 1589 5,
896 1538 924 1598 4).
946 1542 1008 1593 Apud

111 1601 257 1654 Vergilium
273 1602 365 1642 Euandri
381 1602 497 1642 convivium
512 1601 608 1641 laudibus
628 1596 750 1653 personabat
765 1601 859 1643 Herculis
881 1600 971 1656 (Aeneid.
989 1610 1007 1653 8,

112 1669 154 1705 273
167 1658 209 1717 ss).

175 1771 184 1798 2
195 1772 213 1811 A
224 1773 303 1812 rectore
314 1770 403 1812 convivii
413 1770 571 1824 distinguendus
583 1772 613 1811 est
630 1769 784 1828 ἀρχιτρίκλινος
796 1774 910 1824 praefectus
926 1774 1008 1813 triclinii

111 1831 146 1887 (Jo
161 1839 182 1880 2,
201 1829 256 1888 Sa),
279 1832 315 1884 qni
330 1831 443 1871 triclinium
459 1832 561 1872 instruere
577 1833 598 1872 et
614 1837 690 1881 ornare,
707 1845 786 1872 mensas
802 1834 930 1885 lectulosque
946 1835 1008 1875 collo-

111 1906 162 1944 care,
180 1893 241 1945 dapes
255 1893 368 1944 disponere,
385 1893 440 1933 cibos
456 1895 476 1932 et
491 1894 539 1933 vina
554 1895 686 1945 praegustare
702 1893 769 1934 debet.
796 1894 834 1934 Est
848 1894 914 1947 igitur
929 1896 1008 1947 primus

111 1954 207 1994 minister
219 1954 355 1995 convivarum.
382 1955 490 2006 Perperarn
506 1953 524 1995 J.
535 1953 563 1993 Li
570 1954 677 2006 ghtioot
694 1951 752 2009 (Hor.
762 1954 824 1997 Hebr.
837 1951 888 2011 975)
905 1956 1009 1997 existimat

110 2014 164 2054 nihil
180 2014 237 2055 aliud
253 2015 297 2055 eius
313 2014 377 2054 fuisse
393 2015 432 2055 nisi
448 2013 601 2055 benedictiones
622 2015 761 2066 pronuntiare,
782 2016 840 2056 velut
861 2017 1009 2058 benedictiones

111 2076 186 2127 sponsi,
204 2075 356 2116 benedictiones
372 2088 432 2127 super
447 2076 543 2127 poculum
558 2071 605 2115 vini.

174 2193 314 2239 Convivae
333 2194 390 2237 iusto
411 2196 507 2251 tempore
526 2193 676 2238 invitabantur
692 2195 835 2253 omnibusque
850 2195 913 2240 rebus
929 2197 1009 2253 paratis

110 2267 171 2311 lnaud
186 2282 236 2311 raro
253 2284 266 2311 a
281 2267 368 2311 famulis
384 2266 467 2311 domini
484 2281 548 2310 cenae
564 2267 757 2311 commonebantur
773 2268 838 2327 (Pi-ov
854 2273 874 2321 9,
887 2273 905 2315 3.
927 2269 960 2312 lllt
973 2274 1008 2320 22,

113 2345 160 2387 3ss.
178 2340 334 2401 Lc14,16s.).
365 2340 463 2392 Invitati,
480 2340 517 2397 qui
533 2354 608 2383 omnes
623 2340 758 2384 resumendis
773 2340 833 2384 festis
850 2341 920 2401 (albis)
936 2342 1009 2385 induti

49 2465 51 2468 v
111 2413 229 2457 veniebant
245 2406 305 2474 (Koh
321 2418 341 2465 9,
359 2418 378 2460 8,
395 2412 428 2456 Mt
445 2417 478 2464 22,
497 2412 533 2472 11)
541 2417 556 2464 1,
573 2413 652 2466 oscul0,
669 2413 748 2457 amoris
762 2414 831 2471 signo,
848 2414 1009 2470 excipiebantur

112 2486 151 2545 (lic
162 2491 181 2538 7,
193 2486 232 2546 45)
249 2501 365 2544 eorumque
376 2486 445 2542 ‘pedes
460 2489 516 2543 aqua
526 2485 670 2530 abluebantur
687 2484 730 2546 (Gn
742 2492 776 2540 18,
787 2491 812 2538 43
829 2491 864 2536 24,
876 2491 915 2539 323
926 2493 961 2540 43,
973 2493 1008 2536 24.

111 2558 154 2603 Jde
166 2564 200 2611 19,
213 2565 248 2608 21.
263 2559 414 2611 isiciala.
430 2559 459 2602 Le
470 2564 490 2611 7,
502 2558 550 2618 44);
566 2557 656 2603 lionoris
673 2562 736 2603 causa
752 2574 917 2617 nonnumquam
933 2575 1008 2604 eorum

112 2629 184 2688 capita
200 2634 265 2690 atque
281 2633 346 2676 etiam
362 2631 425 2688 pedes
441 2632 538 2675 balsamo
555 2631 645 2689 aliisque
660 2633 778 2690 unguentis
793 2632 940 2690 fragrantibus
956 2648 1008 2677 eon-

113 2706 270 2764 spergebantur
287 2706 344 2765 (Am.
354 2710 374 2755 6,
386 2709 404 2753 6.
427 2705 456 2748 Ps
472 2708 538 2757 225,
561 2705 613 2749 Kolr
630 2711 649 2760 9,
662 2711 681 2754 8.
698 2706 723 2749 cf.
746 2707 779 2749 Lo.
796 2710 861 2757 938.
882 2704 910 2749 Jo
929 2710 962 2760 12,
975 2706 1009 2766 3);

112 2778 190 2822 deinde
205 2779 232 2822 iis
248 2794 288 2836 pro
300 2778 406 2836 dignitate
422 2778 456 2821 vel
472 2780 541 2822 aetate
556 2778 616 2822 locus
633 2778 782 2837 assignabatur
799 2778 842 2839 (Gn
852 2782 887 2831 43,
899 2783 934 2826 33.
951 2779 1009 2824 ism

112 2850 645 2912 ammmmamfflum92¹

174 2939 267 2982 Hebraei
287 2937 346 2982 cibos
362 2952 373 2980 e
391 2935 468 2992 patina
488 2936 561 2994 digitis
582 2952 659 2980 manus
679 2937 776 2980 dexterae
797 2937 820 2980 in
842 2951 865 2980 os
885 2936 1009 2983 inferebant

113 3011 179 3071 (Prov
198 3015 234 3064 26,
252 3015 286 3059 15.
312 3009 339 3054 Jo
359 3014 393 3062 13,
409 3010 453 3069 26).
486 3008 559 3062 Oultri,
581 3010 682 3062 fuscinae,
705 3009 824 3054 cochlearia
846 3025 892 3053 non
914 3011 1009 3055 aderant.

113 3083 176 3128 Unde
198 3086 246 3128 orta
266 3087 298 3129 est
320 3084 448 3129 conserando
469 3097 573 3127 marimum
596 3088 645 3128 ante
665 3097 737 3127 certem
758 3088 776 3128 et
792 3088 842 3141 post
864 3083 1011 3130 locandorum
