2165 3388
104 89 152 133 430
400 85 447 123 Pars
460 86 474 123 l.
497 85 628 132 Antiquitates
641 96 704 124 sacrae

106 207 143 251 Gn
159 211 272 260 31,1966;
288 212 323 260 35,
339 212 359 255 1,
375 206 496 261 1116115.
512 208 524 252 1
539 207 576 253 sm
591 211 746 269 19,13-16);
761 209 864 266 imprimis
880 212 933 264 tum,
950 225 1001 255 cum

105 281 147 323 sub
167 281 231 325 bonis
251 281 337 339 regibus
358 281 559 325 commenticiorum
582 282 670 326 deorum
686 282 754 326 cultui
769 283 792 326 in
808 282 894 340 publico
911 298 1000 340 operam

107 354 157 398 dare
173 354 343 412 prohiberentur,
359 355 383 398 in
398 354 538 399 interioribus
559 355 671 400 domorum
692 355 828 399 conclavibus
844 357 877 401 vel
897 356 1000 415 imagun-

105 428 166 471 culas
187 427 325 472 divinatoriae
345 421 389 472 siva
405 427 523 485 Terapbim
539 428 573 473 vel
594 429 646 472 alias
666 428 771 486 imagines
790 428 834 472 ritu
849 429 1000 486 superstitioso

110 501 177 544 cultas
193 500 271 544 habere
286 501 389 545 solebant.
411 500 509 545 Tandem
524 500 585 546 dosia
601 516 675 545 omnes
685 501 798 558 Terapliim
809 518 820 545 e
830 516 897 558 regno
908 504 1001 547 removit

107 572 138 632 (Π
153 572 188 631 ag
203 578 238 626 23,
255 575 299 633 24).
326 574 458 632 Quamquam
475 575 541 631 paulo
558 578 608 633 post
623 574 701 618 iudaei
716 589 788 618 eorum
805 575 872 619 cultui
888 591 962 620 rursus
978 591 1001 620 se

105 645 190 690 dedisse
205 646 313 699 videntum
329 662 379 690 nam
396 646 451 692 Sacli
464 652 499 700 10,
516 646 656 704 2Terapliim
670 648 727 691 inter
742 662 814 691 causas
825 648 925 692 interitus
936 649 1001 708 regni
1019 693 1020 696 ,

105 722 217 776 apparent.

148 845 150 848 s
168 821 274 872 'seraptim
290 822 397 862 simulacra
413 823 479 874 spacia
495 822 587 862 humana
602 821 693 873 praedita
708 822 768 862 fuisse
784 822 833 862 611
848 823 927 872 81119,
942 830 1000 866 13-

110 888 136 924 ie
154 883 272 922 concludere
287 882 340 924 licet.
371 883 442 934 Neque
458 896 550 924 veroex.
568 883 606 923 hoc
626 885 715 935 apparet,
735 884 805 923 utrum
825 886 888 924 totam
909 885 1000 936 corporis

107 942 193 982 humani
209 945 309 983 staturam
324 943 434 984 habuerint
450 957 476 983 an
492 946 574 994 pectore
594 945 654 983 tenus
677 944 742 984 efficta
763 945 845 994 fuerint,
861 958 927 997 neque
944 958 1000 985 acce-

107 1003 182 1054 pimus,
198 1006 267 1044 utrum
284 1004 422 1057 magnitudine
438 1017 512 1056 corpus
529 1005 617 1045 hominis
633 1018 719 1056 aequare
735 1018 760 1046 an
781 1005 859 1045 diversa
879 1018 921 1046 esse
942 1019 1000 1046 men·

108 1070 156 1104 sura
170 1066 298 1117 putaremur.
329 1065 355 1105 Ut
376 1066 429 1105 enim
449 1065 494 1107 loco
517 1066 579 1105 allato
595 1065 620 1105 cle
636 1065 742 1106 simulacro
758 1066 838 1107 maioris
853 1067 908 1106 modi
924 1067 1000 1119 agitur,

108 1127 133 1165 ut
148 1126 225 1166 homini
246 1128 298 1167 esset
318 1126 389 1175 simile,
405 1127 434 1166 ita
449 1138 523 1166 rursus
540 1127 572 1167 (11
589 1133 623 1176 31,
641 1131 668 1168 34
690 1126 797 1166 simulacra
817 1127 894 1167 minora
913 1127 1000 1168 iudicari

106 1185 208 1234 videntur,
225 1188 296 1239 utpote
313 1200 364 1238 quae
380 1188 402 1227 in
418 1187 468 1227 sella
485 1188 585 1227 camelina
600 1187 689 1237 reposita
705 1187 766 1227 ltabel
781 1188 803 1227 in
813 1188 838 1228 iis
849 1188 956 1229 considens
967 1201 1000 1228 oa·

108 1247 221 1289 cuitauerit.
242 1248 267 1287 In
282 1247 326 1288 eius
341 1248 396 1288 modi
411 1248 527 1288 simulacris
542 1247 654 1288 formandis
670 1250 691 1287 et
706 1248 806 1288 coalendis
822 1249 932 1300 plurimum
948 1250 999 1289 artis

107 1308 170 1348 tuisse
190 1309 303 1349 adhibitum
323 1309 376 1348 haud
396 1308 458 1361 pauci
475 1322 499 1349 ex
515 1308 550 1349 Jes
568 1315 586 1358 ¹2,
604 1314 628 1356 83
647 1314 680 1358 17,
698 1314 709 1351 8
726 1301 816 1362 colligere
832 1310 910 1351 volunt.
943 1310 1000 1351 Non·

104 1369 159 1409 nulli
173 1370 254 1410 rabbini
270 1370 355 1410 tradunt
365 1370 471 1421 Teraphim
486 1369 631 1420 fuissecaput
646 1370 732 1409 hominis
749 1367 895 1427 (primogeniti)
906 1372 1000 1421 mactati,

108 1431 149 1469 sale
169 1430 271 1482 variisque
291 1431 414 1471 aromatibus
435 1431 527 1478 conditi,
540 1444 567 1470 ne
588 1433 717 1481 putresceret,
739 1432 796 1471 cuius
817 1431 898 1484 liuguae
923 1433 1000 1473 lamina

107 1504 170 1530 aurea
186 1492 297 1543 cuiuspiam
314 1492 397 1543 spiritus
413 1491 515 1531 immundi
531 1491 614 1531 nomine
629 1491 727 1543 inscripta
743 1492 873 1534 subiceretur.

168 1564 274 1616 Teraphim
289 1564 389 1604 derebus
405 1564 474 1604 dubiis
491 1566 512 1603 et
528 1564 614 1603 occultis
631 1564 781 1604 consulentibus
802 1576 897 1616 responsa
915 1565 1001 1606 reddere

105 1625 246 1666 credebantur.
272 1625 328 1671 Quod
344 1638 368 1664 61
383 1625 522 1678 compluribus
539 1637 643 1664 sacrarum
653 1624 768 1664 litterarum
778 1625 832 1672 locis,
844 1626 918 1676 quibus
929 1639 1000 1666 eorum

105 1686 229 1734 1111161116,
247 1687 313 1738 colligi
330 1687 402 1738 potest,
419 1687 478 1726 velut
494 1699 518 1726 ex
533 1686 554 1725 ΙΙ
564 1685 596 1736 lag
611 1691 645 1734 23,
663 1691 703 1734 24,
719 1686 755 1725 ubi
770 1686 911 1727 necromantiis
927 1691 948 1727 61
964 1688 1000 1727 ha·

108 1747 164 1787 riolis
179 1747 295 1799 iunguntur
310 1747 427 1798 Terapbim3
443 1760 467 1787 ex
484 1747 511 1786 az
529 1752 563 1795 21,
581 1752 622 1794 26,
638 1746 675 1785 ubi
690 1759 725 1786 rex
736 1747 843 1798 Babylonis
859 1751 940 1798 practer
956 1760 1000 1788 sor-

107 1808 178 1859 tilegia
194 1810 214 1847 et
230 1807 334 1859 extispicia
345 1808 450 1859 'seraphim
467 1807 589 1855 sciscitatur,
606 1807 655 1857 quid
671 1806 711 1846 sibi
726 1807 823 1859 agendum
835 1810 897 1855 esset,
915 1822 937 1848 61
949 1809 1001 1849 Sauli

110 1876 144 1915 10,
162 1875 187 1918 2„
202 1870 238 1908 ubi
254 1868 360 1921 Teraphim
376 1882 427 1909 vana
442 1868 500 1919 loqui
517 1868 615 1908 dicuntur
631 1867 671 1910 ’1,6,
687 1868 741 1918 talia,
757 1868 830 1919 quibus
847 1869 935 1909 cultores
952 1883 1000 1911 suos

105 1930 215 1979 deludunt,
225 1929 325 1982 imprimis
336 1942 398 1970 vanas
409 1929 575 1982 pollicitationes,
587 1941 674 1979 quarum
684 1932 768 1969 eventus
778 1929 855 1969 frustra
865 1932 1000 1982 exspectatur.

168 2049 192 2106 4)
209 2048 360 2092 Necromuutia
376 2047 419 2091 sive
435 2046 532 2091 evocatio
549 2048 691 2089 mortuorum.
713 2045 860 2090 Necromantii
877 2046 949 2107 (11133),
962 2048 1001 2106 qui

107 2120 205 2177 pythone
220 2121 233 2164 i.
244 2137 260 2165 e.
272 2120 374 2164 daemone
389 2119 478 2163 fatidico
496 2120 547 2179 1213)
564 2118 665 2162 instructi
681 2134 725 2163 6666
740 2119 884 2173 credebantur,
900 2121 1000 2165 incanta

109 2196 232 2238 mentorum
249 2196 270 2237 et
286 2193 403 2237 carminum
419 2193 555 2251 magicorum
570 2193 593 2235 vi
609 2206 683 2235 manes
699 2206 784 2236 evocare
803 2193 828 2236 de
844 2194 947 2251 rebusque
963 2194 999 2238 fu-

108 2268 163 2312 turis
178 2267 213 2311 vel
229 2266 298 2310 dubiis
314 2266 428 2310 consilium
444 2266 495 2310 dare
511 2264 685 2323 perhibebantur.
710 2265 782 2309 Graeci
797 2265 938 2310 Alexandrini
949 2272 999 2305 111311

104 2340 209 2384 omnibus
224 2341 269 2384 tere
284 2340 338 2384 locis
352 2340 445 2383 reddunt
460 2342 643 2400 ἐγγαστριμὺθους,
654 2339 798 2397 ccrctrrloquos,
809 2340 895 2382 6116616
906 2339 999 2397 quidem,

108 2413 211 2471 quoniam
230 2412 362 2471 ventriloqui
382 2412 438 2469 apud
453 2414 536 2456 veteres
556 2411 682 2468 plerumque
702 2411 741 2455 illa
760 2412 819 2455 intus
834 2411 937 2469 loquendi
953 2415 999 2456 arte

108 2486 136 2529 ad
151 2486 278 2544 praestigias
293 2486 408 2530 utebantur
424 2487 445 2528 et
460 2484 562 2528 homiues
582 2483 678 2528 credulos
699 2484 833 2537 inducebant,
849 2487 874 2528 ut
889 2485 923 2529 vel
938 2486 1000 2529 intus

104 2560 234 2603 daemonem
249 2560 310 2617 loqui
325 2559 359 2603 vel
374 2573 448 2614 vocem
463 2558 545 2601 mortui
561 2573 572 2601 e
587 2560 645 2601 terra
661 2557 792 2601 ascendentis
807 2558 879 2601 audire
890 2559 998 2614 putarent.

108 2633 179 2691 Atque
195 2635 220 2677 ut
234 2648 262 2677 ne
278 2633 392 2676 minimum
407 2630 493 2689 quidem
510 2631 601 2674 dubium
620 2633 743 2687 superesset,
759 2630 919 2674 multitudinem
936 2631 999 2674 dcce-

108 2706 162 2750 bant
177 2720 264 2763 magum
281 2721 354 2750 inanes
371 2707 469 2749 evocatos
485 2704 557 2748 videre
573 2704 666 2762 quidem,
682 2704 718 2747 sed
729 2704 784 2747 nihil
794 2704 871 2757 audire,
883 2720 931 2748 eum
941 2719 998 2756 vero,

108 2780 168 2823 cuius
183 2781 254 2838 gratia
269 2780 340 2824 anima
355 2779 498 2830 reduceretur,
515 2778 588 2821 audire
604 2777 697 2835 quidem,
713 2777 750 2820 sed
765 2777 820 2820 nilril
835 2777 911 2821 videre.
936 2776 999 2830 Quod

107 2853 154 2911 regi
171 2853 221 2897 Saul
237 2867 320 2912 quoque
337 2851 414 2896 accidit
431 2851 451 2911 (I
467 2849 504 2894 Sm
521 2864 537 2893 6.
555 2850 599 2910 38),

168 2926 258 2970 Hebraei
278 2930 348 2983 poena
368 2922 530 2980 exstirpationis
551 2923 661 2980 proposita
682 2922 721 2983 (liv
742 2923 816 2981 21111)
837 2922 999 2966 necromantias

108 3001 230 3044 consultum
246 3000 303 3043 adire
318 2999 379 3044 vetiti
395 3000 455 3042 erant
472 2997 510 3057 (ib,
529 3000 563 3049 13,
580 3000 615 3043 31.
633 2996 662 3040 Dt
680 3000 713 3049 18,
732 3001 759 3044 10
769 2996 800 3056 s).
818 2995 905 3039 -Nilnlo
927 2995 999 3038 minus

107 3073 166 3117 hand
181 3089 266 3130 paucos,
283 3073 319 3131 qui
335 3088 356 3116 se
372 3072 490 3116 interorum
507 3070 591 3113 animos
607 3070 681 3114 elicere
696 3083 757 3127 possa
768 3069 929 3126 profitebantur,
940 3068 999 3112 inter

104 3146 215 3191 Hebraeos
230 3152 323 3192 versatos
339 3161 383 3189 esse
394 3145 490 3196 constat,
508 3143 559 3188 Saul
570 3143 634 3196 enim,
646 3157 694 3186 cum
704 3157 792 3201 regnare
805 3142 913 3199 coepisset,
924 3156 999 3185 omnes
