2147 3361
414 45 496 93 ,Venatio
509 48 529 95 91
540 46 623 93 piscatus
654 81 656 84 ,
922 50 966 97 529

75 172 126 217 olim
145 167 236 226 insignis
257 168 375 212 celeritatis
391 171 413 212 et
428 169 559 213 fortitudinis
575 172 625 214 erat.
658 170 772 214 Interdum
793 169 886 228 quidam,
906 169 966 213 nullo

75 244 116 290 telo
132 242 236 294 instructi,
256 241 324 285 etiam
339 236 396 285 19199
411 255 537 298 magnarum
553 242 631 287 virium
646 258 782 302 magnaeque
798 241 916 287 ferocitatis
932 242 965 286 iu-

75 319 203 379 gulaverunt
224 313 278 376 (Jdc
296 317 333 367 14,
350 318 369 361 6.
392 312 454 358 lSm
471 317 505 367 17,
522 319 622 364 34-36.
645 316 668 360 ll
684 315 722 361 Sm
741 316 776 369 23,
793 318 857 377 26)1.
889 315 966 360 Ρο9199

75 391 149 437 iisdem
165 388 228 433 armis
243 387 363 446 utebantur
380 387 458 444 quibus
473 388 496 431 in
511 388 566 433 bello
582 390 595 433 i.
607 392 690 437 aaron
706 393 728 434 et
744 390 829 448 sagittis
846 388 888 450 (91
899 392 933 441 27,
946 393 966 435 3.

75 465 111 509 199
125 468 144 516 7,
155 460 277 519 24,,’9ι1919
294 460 338 504 iarn
355 464 444 504 venator
460 461 535 505 lsmael
550 462 673 521 sagittarius
690 463 810 521 appellatur
826 462 860 507 Gn
875 466 910 514 21,
922 451 966 521 29),

75 535 208 595 1111191191
224 538 259 587 41,
272 538 309 582 20.
326 532 525 594 1119911149),
541 534 593 579 fusti
610 535 661 596 (Job
678 540 714 589 41,
726 538 771 597 21).
802 536 866 580 Astus
882 550 966 594 quoque

76 612 97 654 et
112 605 200 652 insidiae
214 606 238 650 in
255 606 377 650 subsidium
397 608 533 661 vocabantur,
554 610 612 653 velut
632 610 693 661 retia,
714 610 793 668 quibus
808 609 873 654 etiam
893 609 965 653 leones

75 683 112 742 (uz
130 674 161 733 19,
183 682 205 740 8)
227 682 248 724 91
268 694 347 738 oryges
369 679 414 741 (des
435 684 468 733 51,
488 683 525 742 20)
547 682 690 739 capiebantur,
711 682 784 740 laquei
804 682 864 741 (Kob
885 687 904 734 9,
923 682 965 740 12),

0 772 2 775 ·
75 757 155 807 foveae,
176 768 229 811 quae
249 753 357 811 imprimis
377 754 475 797 leonibus
492 750 625 812 'parabantur
646 756 688 814 (na
707 761 741 808 19,
757 757 802 814 411.
833 755 889 799 Aves
909 755 966 799 varie

75 828 216 886 capiebantur,
232 826 360 885 plerumque
376 828 457 871 retibus
473 832 494 872 et
509 829 622 872 tendiculis
637 830 700 885 (Hos
711 831 730 882 5,
744 834 762 876 1.
783 829 824 873 Am
840 834 858 881 3,
871 835 889 878 5.
908 829 966 873 Prov

77 909 95 955 1,
108 901 150 962 11).
174 900 235 944 Haud
246 915 296 945 raro
308 916 383 945 caveae
394 901 501 945 reticulari
516 902 584 945 forma
601 903 715 945 contextae
730 902 872 958 ponebantur,
888 902 966 959 quibus

75 973 123 1020 9199
138 974 164 1018 ad
180 972 252 1018 cibum
268 975 398 1019 sumendum
413 975 520 1034 ingressae
536 978 661 1032 caperentur
678 976 714 1037 (91.
730 974 768 1019 Jer
785 978 804 1027 5,
821 975 865 1034 21).
896 974 966 1018 lliam

75 1064 125 1093 aves
143 1051 214 1105 captas
235 1047 261 1091 ad
283 1047 337 1091 alias
359 1048 481 1092 alliciendas
502 1048 607 1093 adhibitas
629 1063 675 1093 9999
696 1063 723 1091 ex
744 1047 777 1092 Sir
795 1054 828 1100 11,
844 1053 884 1099 23;
901 1052 935 1101 27,
953 1052 966 1095 9

76 1117 189 1179 colligitur.
221 1121 291 1165 (lanes
309 1120 399 1165 venatici
418 1121 442 1165 in
457 1125 526 1166 vetere
546 1124 676 1166 testamento
698 1136 744 1165 non
764 1124 911 1165 memorantur
931 1121 965 1182 (cf.
1040 1150 1042 1152 ·

75 1200 146 1239 tamen
161 1194 205 1237 Jos.
222 1193 260 1237 Α]
276 1199 298 1249 4,
315 1199 334 1242 8.
352 1195 381 1253 9).

134 1267 202 1312 lloses
223 1269 311 1310 tantum
332 1267 384 1311 duas
403 1268 461 1327 leges
482 1268 506 1312 de
526 1256 640 1312 venatione
662 1268 720 1319 tulit,
743 1271 797 1325 quae
818 1267 845 1311 ad
865 1268 966 1312 animalia

75 1340 217 1384 conservanda
237 1342 338 1396 spectant
359 1339 449 1400 (11193,
468 1345 494 1388 ll
511 1365 540 1377 =
555 1341 586 1384 Lv
603 1343 638 1392 25,
657 1345 677 1388 7,
699 1340 729 1384 Dt
744 1344 779 1391 22,
796 1340 864 1400 6s.).³
895 1340 966 1384 Vena-

73 1415 155 1458 tionem
175 1414 231 1471 apud
252 1413 360 1457 Hebraeos
381 1414 514 1471 frequentem
535 1413 599 1457 fuisse
619 1428 646 1457 ex
668 1428 693 1457 eo
715 1412 790 1471 colligi
810 1415 885 1470 potest,
908 1414 966 1471 quod

16 1545 17 1548 Ἴ
75 1486 132 1530 baud
152 1502 231 1543 paucae
252 1486 391 1543 metaphorae
407 1490 429 1530 et
444 1487 557 1544 allegoriae
572 1502 585 1530 a
600 1501 623 1530 re
638 1486 753 1530 venatoria
769 1486 847 1543 petitae
862 1486 884 1529 in
901 1486 965 1530 sacris

75 1561 150 1604 litteris
165 1561 267 1618 leguntur
284 1559 333 1621 (Jos
350 1565 384 1611 23,
403 1564 437 1608 13,
457 1559 579 1611 1191122,
596 1564 615 1607 ὃ.
637 1560 763 1611 1915,27;
780 1564 862 1611 16,16;
880 1563 913 1612 19,
925 1564 966 1612 22;

75 1637 108 1685 48,
125 1637 160 1681 44.
180 1632 207 1676 Ρ9
225 1638 243 1684 1,
262 1638 301 1683 na
320 1637 338 1684 9,
356 1638 395 1683 161
412 1637 445 1685 94,
464 1637 500 1684 13ῑ
518 1637 566 1684 119,
584 1636 618 1680 95.
639 1633 699 1676 Prov
716 1636 752 1690 26,
769 1631 879 1679 2111119
896 1639 913 1686 1,
933 1638 966 1681 13.

75 1706 124 1749 liob
142 1711 175 1759 16,
186 1710 205 1754 9.
223 1706 254 1750 Sir
272 1710 308 1758 21,
320 1710 354 1753 26.
371 1706 400 1749 Le
416 1710 450 1758 21,
462 1709 495 1754 35.
512 1706 566 1748 Rom
585 1710 618 1758 11,
631 1709 661 1764 9).
689 1705 805 1761 Praecipue
821 1705 965 1750 9919199919-

74 1779 144 1823 monis
163 1780 244 1823 multos
260 1778 374 1823 venationi
393 1778 504 1823 inservisse
520 1793 545 1821 ex
561 1778 571 1821 I
587 1778 621 1837 Rg
637 1782 658 1831 5,
677 1783 690 1825 3
707 1777 821 1836 colligitur.
853 1778 963 1822 Facillime

75 1855 144 1895 autem
160 1852 296 1910 intellegitur
312 1852 419 1908 principes
436 1855 456 1895 et
471 1852 560 1904 nobiles,
577 1867 626 1894 cum
643 1852 688 1894 otio
700 1851 811 1895 abundent
822 1852 963 1896 oblectamen-

75 1932 137 1981 taque
152 1928 263 1977 sectentur,
286 1924 398 1968 venationi
413 1924 527 1981 impensius
542 1924 652 1976 studuisse,
675 1924 734 1981 quod
750 1924 793 1968 Bar
810 1930 829 1978 3,
846 1929 874 1972 16
885 1941 900 1970 s.
921 1924 966 1974 199,

76 1996 113 2039 Ar
133 2001 166 2050 15,
186 2002 205 2044 1,
227 2003 251 2048 1;
274 2002 309 2047 16,
328 2002 362 2044 16,
381 2001 401 2044 3.
422 1995 461 2039 Β]
478 2001 495 2049 1,
515 2001 549 2044 21.
568 2001 594 2045 13
616 1996 733 2040 indicatur.
765 1996 792 2041 ln
811 1997 967 2056 Aegyptiorum

75 2084 157 2126 quoque
172 2072 193 2114 et
204 2071 343 2127 Assyriorum
359 2070 407 2112 aula
422 2084 482 2126 reges
497 2069 634 2113 venationem
651 2071 676 2113 in
692 2069 792 2113 maximis
803 2070 884 2114 deliciis
900 2070 965 2114 habe-

74 2143 133 2190 bant.
164 2144 262 2189 Ceterum
279 2144 298 2188 si
313 2145 338 2187 in
353 2143 414 2187 libris
429 2143 492 2187 sacris
508 2142 533 2186 de
549 2144 690 2187 venatoribus
707 2144 784 2202 agitur,
800 2159 845 2188 non
861 2143 886 2187 de
901 2158 965 2187 vena-

75 2217 161 2269 toribus,
178 2218 215 2275 qui
226 2220 331 2275 rpuaestus'
344 2220 407 2260 causa
422 2216 446 2260 in
461 2217 501 2260 hac
516 2218 560 2260 arte
571 2219 691 2270 versentur,
709 2216 848 2273 cogitandum
864 2219 900 2274 est,
917 2231 965 2259 cum
1009 2265 1010 2268 Ἴ

74 2294 166 2344 pastores
182 2307 227 2335 non
243 2291 317 2334 minus
334 2290 389 2333 19199
400 2290 496 2334 venando
512 2289 608 2333 nancisci
620 2305 687 2347 [piram
703 2304 779 2347 greges
795 2306 808 2333 a
822 2290 895 2334 bestiis
910 2290 966 2333 tueri

75 2362 135 2406 scisse
150 2364 265 2407 verisimile
282 2365 311 2407 sit
328 2363 347 2424 (l
364 2362 400 2406 Sm
418 2368 450 2414 11,
467 2363 571 2423 34-36).
598 2362 680 2407 Contra
697 2364 721 2406 in
737 2363 831 2415 Talmud,
849 2363 885 2406 ubi
900 2366 964 2406 etiarn

76 2435 100 2478 de
122 2451 184 2480 came
205 2437 275 2481 ferina
299 2435 409 2480 vendenda
431 2450 499 2479 sermo
521 2437 557 2488 est,
581 2439 702 2493 venatores,
726 2451 816 2494 quorum
839 2435 916 2479 munus
938 2435 966 2479 sit

75 2509 151 2562 venari,
168 2511 372 2555 commemorantur.
823 2495 827 2504 ¹

138 2599 316 2641 Ι119991119111919
338 2611 418 2650 quoque
439 2599 564 2649 temporibus
585 2600 635 2640 talia
657 2613 699 2640 non
721 2602 770 2640 sunt
790 2598 886 2646 inaudita,
910 2598 964 2649 qnod

75 2660 186 2711 complures
203 2661 314 2712 scriptores
331 2659 370 2698 fide
381 2659 442 2712 digni,
460 2660 495 2710 qui
511 2662 574 2700 terras
591 2661 677 2700 orientis
694 2661 839 2707 lustraverunt,
856 2660 964 2698 1991911111,

137 2735 144 2760 2
161 2733 272 2775 Venatores
290 2736 342 2773 19199
359 2732 460 2781 saeviores,
477 2745 527 2784 quas
538 2733 559 2772 vi
575 2734 650 2774 adoriri
662 2734 764 2783 metuunt,
780 2732 810 2772 ita
820 2732 964 2772 circumvenire

76 2793 146 2843 solent,
162 2797 186 2834 ut
196 2795 284 2843 inlocis,
301 2794 338 2834 ubi
354 2805 386 2832 eas
402 2792 468 2832 cibum
479 2806 573 2844 quaerere
590 2795 729 2846 suspicantur,
746 2793 813 2834 foveas
824 2792 964 2845 profundiores

75 2854 148 2895 iaciant
169 2868 190 2896 ao
213 2856 251 2896 levi
273 2855 364 2907 tegmine
384 2853 479 2905 graminis
502 2857 537 2894 cut
558 2855 663 2896 frondium
685 2855 781 2901 vestiant,
804 2854 859 2905 prius
882 2852 965 2893 animali

76 2918 154 2956 mortuo
169 2918 202 2958 vel
218 2917 265 2957 vivo
282 2928 343 2967 super
359 2914 404 2966 palo
421 2926 431 2953 9
449 2914 515 2954 media
529 2915 586 2956 fovea
602 2918 701 2968 surgente
717 2916 788 2966 posito,
806 2914 863 2954 cuius
878 2915 964 2964 clamore

76 2976 157 3017 allectae
172 2978 226 3017 ferae
243 2978 350 3017 accurrant
367 2975 465 3026 atquem
481 2976 557 3017 foveam
573 2977 675 3018 decidant.
706 2976 738 3016 lta
752 2977 809 3016 fovea
825 2976 877 3015 leoni
893 2977 964 3026 parata

75 3036 102 3075 En
120 3046 152 3086 19,
169 3045 181 3081 4
199 3039 328 3079 describitur.
359 3036 391 3075 Ad
407 3035 449 3075 eius
466 3037 520 3078 modi
534 3038 602 3078 foveas
619 3039 641 3077 in
657 3038 726 3077 vetere
746 3037 867 3077 testamento
883 3037 964 3088 saepius

75 3099 187 3150 respicitur,
203 3101 227 3139 ut
243 3100 270 3138 Ps
288 3105 307 3147 7,
326 3104 365 3145 165
382 3104 401 3145 9,
420 3103 458 3145 16;
477 3103 510 3146 35,
528 3105 546 3140 7.
562 3100 614 3139 Pror
633 3105 667 3146 26,
686 3104 720 3141 27.

135 3167 274 3206 Kortleitner,
288 3164 406 3203 Archecologia
419 3165 480 3198 biblica
893 3163 916 3199 34
