2147 3361
378 79 444 116 Cultus
456 79 530 117 Jahvae
542 79 582 128 lege
594 78 705 128 prohibitus

530 203 551 246 H

391 299 429 342 De
445 300 524 343 cultu
539 300 692 359 imaginum

158 426 227 474 Oultui
243 426 269 468 in
284 423 335 467 loeis
351 421 441 464 excelsis
460 422 576 466 exercitato
592 423 689 480 proxime
704 422 787 466 accedit
801 424 864 480 atque
883 422 989 480 cognatus

92 510 130 552 051
145 503 212 549 cultus
227 498 349 556 imaginum
365 495 380 538 i.
398 510 414 538 e.
431 496 500 539 cultus
517 496 597 540 Jahvae
613 497 655 539 sub
670 496 807 555 imaginibus,
826 512 870 554 quo
888 495 989 539 Hebraeis

90 591 166 624 severe
181 575 225 617 erat
240 569 381 615 interdictum
398 568 438 630 (Hx
453 573 488 622 20,
500 573 522 616 4.
538 569 567 613 Dt
582 573 655 623 4163
671 573 691 622 b,
703 574 725 622 83
743 575 781 623 27,
797 570 839 629 15),
855 568 908 627 quia
923 568 988 612 simu-

92 649 159 696 lacris
174 646 215 691 illis
230 645 265 689 vis
281 643 386 701 quaedam
403 644 424 685 et
439 641 537 685 efficacia
551 643 618 686 inesse
636 642 760 686 credebatur
778 643 817 702 (llx
833 648 868 696 32,
886 646 906 689 4.
927 642 937 686 1
952 641 987 700 Rg

96 728 132 776 12,
149 721 191 780 28).

157 832 176 876 Ι,
193 830 214 887 l)
236 827 285 870 lam
306 825 332 869 ad
351 826 449 868 montem
464 823 532 878 Sinai,
553 824 610 868 Hose
632 824 789 881 perplurimos
805 825 847 869 dies
864 825 951 868 absente
966 828 988 869 01

95 903 176 963 populo
197 901 322 958 instigante,
345 897 421 941 Aaron
440 902 495 947 &ab
514 888 549 947 5111
570 891 664 942 vitreium
685 899 810 955 conflatilem
831 913 857 941 ex
877 897 988 941 inauribus

96 977 167 1021 aureis
181 972 321 1017 formandum
336 971 426 1024 curavit,
445 986 510 1028 quem
526 970 614 1015 Hebraei
633 985 672 1027 pro
687 970 802 1014 simulacro
818 971 886 1027 ipsius
902 969 989 1022 Jahvae,

91 1051 135 1107 qui
151 1064 185 1092 ees
201 1062 225 1090 ex
241 1046 341 1104 Aegypto
357 1044 466 1096 eduxerat,
485 1044 646 1088 venerabantur
664 1043 703 1103 [Hx
718 1048 755 1097 32,
774 1048 836 1092 1--8,
852 1042 902 1087 Neh
915 1047 938 1109 9,
955 1047 989 1091 18.

93 1122 123 1166 ef.
140 1122 168 1164 Dt
185 1125 204 1173 9,
219 1124 257 1168 21.
280 1118 309 1161 Ps
326 1121 375 1170 106,
395 1121 428 1165 19.
450 1116 491 1160 Aet
508 1122 529 1171 7,
546 1117 653 1177 39-41).
689 1116 751 1169 Quod
772 1118 838 1160 scelus
858 1116 945 1160 rabbini
965 1107 990 1159 in

95 1194 195 1238 homines
215 1193 347 1251 peregrinos,
374 1190 414 1248 qui
435 1206 455 1234 se
477 1205 529 1234 cunr
551 1190 653 1234 Hebraeis
674 1190 798 1247 Aegyptum
818 1179 989 1246 relinquentibus

95 1268 211 1311 iunxerant
226 1265 269 1322 (Hx
286 1270 319 1318 12,
331 1268 365 1313 38.
384 1263 428 1307 Nm
442 1268 474 1316 11,
485 1267 518 1322 4),
535 1264 674 1307 transferunt.
700 1263 752 1307 Veri
769 1266 839 1307 autem
854 1261 990 1306 simillimum

93 1343 130 1385 est
145 1339 271 1396 sacerdotes,
288 1338 324 1396 qui
339 1340 391 1381 ante
403 1336 476 1380 Mosen
492 1337 588 1380 instituti
604 1338 673 1389 erant,
689 1352 715 1380 ne
726 1351 788 1380 sacro
803 1334 930 1389 ministeria
946 1351 988 1392 quo

95 1413 121 1456 in
143 1411 239 1470 Aegypto
264 1411 335 1455 iuneti
355 1413 425 1463 erant,
446 1410 588 1467 privarentur,
611 1409 671 1452 illius
692 1409 779 1453 sceleris
799 1409 864 1453 luisse
888 1411 989 1457 auctores.

98 1485 168 1528 Moses
180 1499 227 1529 vero
240 1484 325 1528 Levitae
340 1484 436 1528 armatos
450 1498 488 1540 per
504 1483 574 1527 media
589 1485 661 1527 eastra
676 1482 739 1535 rnisit,
757 1483 794 1540 qui
809 1483 861 1527 istos
879 1482 990 1526 seditiosos

93 1557 212 1601 sacerdotes
235 1558 293 1601 cirea
308 1559 367 1601 vetus
389 1556 552 1600 tabernaculum
567 1556 639 1600 ebrios
654 1556 781 1599 recubantes
796 1556 898 1599 districtis
913 1555 990 1614 gladiis

94 1630 229 1689 -eeeiderunt3
247 1645 292 1688 quo
308 1630 391 1687 impetu
407 1629 433 1672 ad
448 1629 489 1673 tria
505 1629 566 1673 milia
580 1630 678 1674 virorum
693 1631 803 1686 perempta
817 1630 933 1673 traduntur
949 1629 989 1690 (Hx

94 1708 134 1755 aa
151 1704 255 1762 ae-rs).

159 1792 178 1831 Si
188 1793 278 1844 populus
290 1793 313 1832 ab
324 1794 393 1832 Aaron
403 1792 527 1843 postulavit:
544 1789 631 1844 „Surgel
643 1791 673 1831 fac
684 1792 740 1831 nobis
757 1779 813 1838 131ἑέ
824 1779 863 1837 tss!
875 1786 919 1836 *lidii
930 1777 989 1837 0⁸55&

96 1853 135 1903 OEx
153 1859 184 1902 32,
203 1860 220 1895 1.
238 1850 284 1910 23),
307 1854 343 1894 sub
365 1853 463 1893 vocabulo
485 1840 547 1886 ΜΒΝ
568 1867 609 1893 nou
633 1853 701 1904 piures
723 1853 754 1893 dii
775 1853 909 1906 intellegendi
930 1855 988 1900 sunt;

94 1914 167 1953 Aaron
187 1914 239 1954 enim
263 1927 326 1954 unum
347 1913 443 1963 uitulum,
465 1927 507 1954 non
530 1915 597 1965 plures
620 1913 675 1953 feeit.
704 1914 747 1955 Nec
768 1915 851 1954 uerbum
871 1914 895 1953 in
915 1914 990 1964 plurali

97 1986 182 2014 numero
203 1976 303 2015 vocabulo
324 1961 384 2007 Diffi·
406 1975 507 2015 adiectum
530 1962 586 2031 (7³5³)
602 1975 699 2027 postulat,
720 1977 746 2015 ut
769 1976 836 2026 plures
858 1974 889 2014 dii
910 1974 989 2015 intelle-

97 2043 185 2085 gantur·;
204 2049 252 2075 nam
270 2023 328 2069 nabe
344 2035 408 2075 etiarn
428 2036 452 2076 iis
470 2035 528 2085 loeis,
548 2036 583 2077 ubi
599 2037 624 2076 de
646 2049 686 2076 unc
701 2038 749 2077 vero
772 2036 807 2075 deo
825 2038 943 2086 usurpatur,
964 2037 989 2075 ob

97 2096 262 2136 terminationem
283 2097 382 2148 pluralem
398 2096 451 2136 haud
465 2110 512 2136 raro
530 2110 573 2137 eum
591 2097 653 2137 verbo
668 2097 744 2147 plurali
762 2097 900 2149 coniungitur,
921 2097 989 2136 11th

99 2161 134 2203 20,
153 2163 188 2205 13;
206 2164 239 2207 35,
260 2162 279 2200 7.
295 2158 322 2197 Hx
339 2164 374 2204 22,
394 2162 417 2206 83
435 2163 467 2205 32,
485 2164 506 2199 4.
520 2163 538 2200 8.
554 2158 573 2197 H
586 2159 620 2197 Sm
633 2163 653 2205 7,
667 2164 698 2200 23.
714 2158 734 2198 H
746 2158 778 2210 Rg·
791 2164 822 2206 19,
835 2164 853 2199 2.
870 2158 898 2197 Ps
911 2164 942 2206 58,
956 2164 989 2200 12.

97 2216 163 2256 immo
182 2231 228 2258 vero
251 2219 336 2259 Hebraei
356 2218 436 2258 Jabven
456 2219 526 2269 aliquo
547 2219 656 2259 simulacro
678 2219 774 2271 effingere
795 2219 904 2259 voluerunt
925 2231 989 2269 neque

97 2277 168 2327 ipsum
183 2279 315 2319 simulacrum
329 2292 365 2331 pro
384 2280 421 2318 eleo
441 2279 545 2319 habebant
564 2282 599 2319 aut
615 2279 635 2318 ei
647 2279 775 2329 tribuebant,
797 2281 848 2331 quod
866 2292 877 2318 e
894 2279 989 2319 servitute

98 2339 199 2390 Aegyptia
219 2340 290 2380 educti
305 2341 382 2388 essent;
404 2340 478 2380 Jahvae
494 2340 556 2390 enim,
578 2353 640 2391 quem
656 2340 752 2381 Hebraeis
769 2341 792 2380 in
806 2341 870 2381 vitulo
887 2341 989 2391 tamquam

96 2398 167 2438 adesse
181 2413 303 2452 persuasum
319 2402 366 2449 erat,
389 2413 431 2440 non
446 2400 513 2441 vitulo
530 2402 567 2452 ipsi
583 2414 640 2441 sacra
656 2401 707 2441 facta
723 2403 779 2449 sunt,
800 2402 820 2440 id
836 2388 892 2452 qriod
908 2414 930 2439 ex
945 2401 988 2440 1000

97 2458 128 2497 ΕΚ
146 2465 179 2510 32,
197 2468 234 2504 bs,
252 2464 340 2513 apparet,
356 2461 395 2500 ubi
411 2463 476 2501 Aaron
491 2475 529 2513 per
546 2475 664 2513 praeconem
680 2462 836 2502 sollemnitatem
851 2462 929 2501 Jahvae
944 2474 989 2501 eum

99 2520 190 2561 convivio
206 2523 345 2562 celebrandam
360 2521 445 2561 indicit:
463 2522 545 2573 „Atque
561 2523 717 2563 immolaverunt
732 2524 849 2563 holocausta
865 2524 887 2561 et
903 2522 989 2561 adduae-

98 2582 150 2620 runt
164 2583 239 2623 hostias
256 2584 350 2634 pacificas.
379 2582 431 2622 Dein
444 2584 535 2635 populus
551 2584 602 2624 sedit
618 2584 645 2623 ad
662 2584 809 2624 convivandum
825 2586 844 2624 et
860 2584 948 2623 surrexit
964 2584 990 2623 ad

98 2640 222 2683 ludendum“
243 2644 257 2685 i.
275 2657 291 2684 e.
310 2645 334 2684 ut
355 2643 427 2683 orbem
448 2645 577 2685 saltatorium
598 2647 689 2685 versaret
709 2645 833 2695 iudiciisque
854 2644 990 2684 oblectaretur

97 2696 134 2755 (ef.
150 2716 168 2743 v.
185 2710 217 2747 25.
234 2705 273 2744 ΒΖ
290 2704 311 2753 V,
330 2710 395 2751 1907,
413 2701 548 2761 352-358).
578 2707 652 2757 Itaque
673 2706 746 2745 testum
764 2705 823 2745 vituli
843 2705 900 2745 aurei
921 2705 990 2745 eodem

99 2761 143 2802 tere
158 2765 214 2805 modo
231 2767 336 2818 agebatur,
353 2778 395 2816 quo
411 2764 484 2806 festum
495 2766 581 2816 Jahvae3
597 2780 646 2807 nam
663 2767 723 2807 etiam
733 2767 756 2806 id
767 2766 831 2817 epulis
847 2765 990 2806 sacrificalibus

96 2824 120 2861 et
138 2825 280 2867 saltationibus
298 2826 394 2867 celebrari
411 2827 487 2867 solebat
507 2828 569 2879 idque
584 2841 607 2868 er
625 2828 726 2867 communi
747 2827 878 2877 antiquarum
898 2827 990 2878 gentium

99 2896 162 2928 more.
192 2887 306 2928 Peeeabant
325 2888 391 2940 igitur
411 2887 496 2927 Hebraei
519 2901 542 2928 ec
562 2891 651 2938 tantum,
673 2889 725 2939 quod
746 2889 811 2939 legem
831 2888 888 2928 illam
909 2887 932 2926 de
953 2888 990 2928 deo

98 2956 226 2997 nequaquam
243 2950 283 2988 sub
299 2948 388 3001 imagine
405 2948 471 2999 aliqua
486 2949 589 2990 adorando
606 2948 646 3004 (Hx
663 2955 695 2999 20,
712 2946 733 3005 4)
751 2949 859 2988 violabant.

162 3052 183 3112 2)
200 3057 305 3111 Tempore
324 3052 441 3111 posteriore
460 3055 526 3098 vituli
547 3056 615 3099 cultus
632 3055 657 3097 in
671 3069 736 3110 regno
755 3054 824 3097 decem
844 3048 942 3098 tribuum
957 3048 992 3099 1οέ

99 3122 161 3181 vixit,
181 3128 217 3171 ubi
238 3129 352 3172 Jerobeam
369 3127 381 3170 Ι
403 3127 493 3171 vitulum
516 3143 602 3172 aureum
623 3128 637 3170 1.
658 3142 674 3174 0,
693 3142 717 3170 er
738 3142 787 3170 aere
806 3126 880 3174 iusum,
899 3143 994 3186 auroque

884 3202 919 3238 27*
