2147 3361
493 103 593 141 666666666-
671 123 673 126 v
940 107 984 153 517

91 227 137 288 ((666
153 231 189 279 48,
208 229 245 276 16;
261 230 297 278 49,
314 228 358 273 242,
370 230 404 269 666
420 228 459 278 40,
474 230 507 274 ll.
522 227 609 281 Hosti,
626 231 667 275 16,
681 226 715 270 Ps
726 231 760 280 23,
778 230 801 277 13
819 230 854 279 28,
871 229 947 280 9330,
965 232 984 274 2.

94 300 120 344 cf.
143 299 170 343 Jo
193 298 350 358 10,11-16).
381 298 551 357 Nonnumquam
573 300 691 345 sacerdotes
713 312 806 358 quoque
819 301 840 343 et
861 298 993 356 prophetae

91 383 187 431 quorum
197 373 229 415 est
240 371 344 428 populum
360 374 416 416 recte
432 365 507 416 ducere
523 374 582 417 etin
598 374 643 418 veri
658 373 692 416 dci
709 373 872 426 cultuvservare,
887 374 985 428 pastores

94 444 248 504 recantatur(
238 443 310 489 tJer
317 447 352 497 50,
369 444 398 504 6)

159 546 307 606 ¹Aegyptii
327 559 455 597 nequaquam
474 547 587 616 excipiendi
607 548 662 595 sunt,
684 546 926 595 66666616666646,
944 552 983 589 34:

91 601 235 659 „Abominatio
257 607 353 661 Aegypti
372 608 403 647 est
429 608 494 648 omnis
520 609 589 661 pastor
613 608 704 660 pecoris“
730 599 866 660 colligendum
890 620 932 647 uon
955 608 983 647 sit

94 669 207 722 Aegyptios
223 681 293 708 omncs
309 669 399 720 pastores
415 668 483 708 ovium
500 671 520 709 66
536 681 640 721 caprarum
656 670 771 721 aspernatos
787 681 835 710 esse.
861 668 961 709 Nam't
929 671 961 709 6666
962 682 985 709 er

96 732 174 782 septem
197 729 302 769 hominum
324 742 403 782 genera,
429 729 451 769 in
474 741 567 781 quaeo
546 731 590 769 6666
611 729 761 782 Aegyptiorum
783 742 837 784 gens
854 729 917 769 divisa
940 732 985 770 erat

93 789 194 848 (Herod.
215 790 268 830 Hist.
286 796 304 839 2,
323 786 381 845 164),
404 792 496 842 pastores
518 792 765 842 quoquc'memorantur.
796 790 894 830 Mendesii
915 793 984 830 autem

94 866 135 893 non
152 852 216 892 solum
233 864 302 891 omnes
318 851 384 891 hircos
401 853 422 891 66
437 864 507 903 capras
524 852 679 900 venerabantur,
702 851 737 890 sed
753 851 815 891 etiam
831 863 900 890 eorum
916 853 984 903 pasto-

92 914 257 954 ribussummos
273 911 375 952 habebant
390 913 475 952 honores
491 912 526 966 (ib.
544 918 563 960 2,
581 909 625 968 46).
656 907 768 964 Aegyptios
784 911 836 951 solos
853 911 948 953 subulcos
964 914 985 952 66

96 974 192 1015 666666666
214 973 319 1013 hominum
341 974 361 1012 66
383 973 521 1013 communione
544 985 651 1013 sacrorum¹
671 973 766 1026 indiguos
790 973 885 1013 habuisse
907 975 985 1013 constat

92 1035 130 1091 (66,
149 1041 167 1082 2,
186 1030 229 1090 47).
261 1035 286 1074 In
301 1034 438 1074 monumentis
454 1033 561 1087 Aegyptiis
581 1035 661 1086 praeter
681 1033 786 1086 imagines,
808 1047 859 1084 quae
875 1033 985 1074 ad‘curam

94 1097 156 1136 boum
173 1097 271 1147 spectant,
293 1095 393 1147 imagines
413 1108 500 1146 quoque,
523 1095 613 1146 quaein
629 1107 677 1135 cura
697 1107 803 1146 caprarum
818 1096 840 1134 ot
855 1094 925 1136 orium
940 1089 986 1136 666ϊὲ

94 1160 173 1205 santur,
191 1156 337 1208 conspicimus;
359 1152 437 1208 caprae,
459 1169 511 1206 oves,
528 1156 600 1196 6666666
617 1166 728 1207 peragros
744 1155 832 1196 consitos
848 1157 944 1208 aguntur,
961 1158 986 1196 666

96 1217 173 1258 semina
188 1217 210 1256 in
227 1217 313 1257 humum
327 1217 440 1265 inculceut;
457 1229 516 1256 carne
532 1217 613 1268 caprina
629 1219 650 1256 66
665 1217 771 1256 vervecina
787 1217 883 1268 Aegyptii
899 1216 986 1258 libenter

93 1279 236 1319 vescebantur.
269 1279 361 1318 Ceterum
376 1279 419 1329 ipse
435 1278 583 1330 Aegyptiorum
599 1290 634 1317 rex
650 1278 748 1328 quosdam
764 1290 787 1316 ex
802 1276 901 1318 Israelitis
918 1279 985 1331 gregi-

96 1340 135 1379 bus
152 1339 196 1379 suis
216 1341 307 1391 pastores
328 1339 435 1390 praeficere
456 1339 558 1391 cogitabat
577 1335 617 1395 (Gn
634 1344 668 1386 47,
687 1335 714 1394 6),
747 1338 800 1385 Quae
822 1351 868 1378 cum
888 1339 918 1378 ita
938 1341 985 1389 66666,

95 1398 138 1441 leco
155 1400 215 1440 allato
235 1400 287 1440 nihil
306 1399 361 1439 aliud
377 1400 416 1440 diei
432 1401 499 1451 potest
514 1397 554 1440 uisi
569 1399 680 1451 Aegyptios
701 1400 808 1451 propterea
828 1402 917 1450 pastores
939 1414 985 1441 con-

95 1462 209 1512 tempsisse,
227 1461 281 1512 quod
297 1463 422 1513 postremum
438 1462 515 1511 septem
531 1459 613 1500 illorum
629 1472 725 1512 generum
743 1461 805 1500 erant.
832 1460 853 1501 F.
870 1461 985 1502 Zimmer-

95 1536 171 1562 mann
194 1518 496 1577 (Aegyptisclre‘Randglossen
517 1534 563 1560 num
585 1521 639 1561 alten
660 1520 781 1561 Testament.
813 1516 921 1574 Theologic
942 1524 985 1563 und

95 1584 174 1623 Glaube
190 1583 213 1631 V,
232 1579 360 1635 ast-361)
380 1581 478 1623 incuriam
499 1582 588 1632 corporis
604 1594 683 1621 causam
698 1581 760 1621 fuisse
777 1582 885 1631 existimat,
907 1596 930 1623 er
946 1597 986 1635 qua

95 1644 193 1696 Aegyptii
209 1646 299 1695 pastores
315 1644 471 1683 contemnerent.

160 1742 326 1783 2666666666666
348 1739 388 1796 (Gn
405 1747 439 1789 29,
457 1740 480 1794 6)
503 1743 524 1781 66
545 1741 691 1789 6666666666,
714 1741 811 1793 principis
834 1743 855 1782 et
876 1743 985 1783 sacerdotis

96 1804 250 1844 Midianitarum
273 1800 311 1859 (Ex
328 1808 346 1850 2,
366 1799 407 1856 16),
430 1803 525 1852 paternos
546 1815 616 1853 greges
637 1803 752 1854 pascebant,
776 1803 830 1854 quod
850 1804 911 1843 etiam
931 1817 986 1844 nunc

95 1865 151 1916 apud
167 1864 244 1905 Arabes
260 1864 312 1903 filiae
329 1863 439 1903 emirorum
454 1862 528 1914 pudori
544 1862 583 1901 sibi
599 1875 642 1903 6666
658 1876 787 1915 nequaquam
804 1864 935 1907 arbitrantur.

158 1997 192 2043 Il.
215 1996 278 2053 Apud
301 1995 401 2052 antiquos
426 1992 558 2049 pecuaria
580 1993 675 2036 maxima
697 1996 748 2039 erat.
781 1993 842 2047 Quod
864 1995 955 2038 Hebraei
976 2011 987 2038 e

98 2069 217 2113 blidianitis
238 2071 333 2112 sescenta
353 2067 490 2124 septuaginta
510 2065 605 2124 quinque
627 2066 688 2110 milia
708 2067 781 2111 ovium
802 2070 823 2111 66
843 2083 869 2111 666
885 2068 988 2126 Hagraeis

97 2142 190 2186 ducenta
206 2141 366 2200 quinquaginta
381 2140 440 2183 milia
456 2140 529 2183 orium
545 2139 633 2196 capiunt
654 2139 705 2198 (Nm
722 2145 758 2194 31,
775 2145 809 2188 32.
826 2141 837 2184 l
854 2141 896 2185 666
912 2145 932 2193 5,
949 2144 986 2200 21)

97 2216 132 2258 vel
149 2215 208 2273 quod
223 2215 309 2259 Salomo
325 2212 429 2270 templum
445 2206 664 2269 Hierosolymitanum
687 2213 786 2258 dedicans
808 2215 894 2257 centum
909 2214 988 2270 viginti

99 2288 159 2332 milia
181 2288 253 2332 ovium
276 2287 374 2330 immolat
396 2285 465 2346 (IRg
481 2289 501 2338 8,
525 2285 571 2344 63),
593 2285 609 2329 ii
632 2286 718 2343 quidem
739 2287 823 2330 numeri
844 2286 902 2330 haud
925 2287 988 2332 dubie

99 2360 224 2404 summatim
246 2358 462 2417 comprehenduntur.
494 2357 534 2402 Sed
556 2357 614 2401 haud
633 2359 775 2416 improbabile
797 2362 829 2403 est
844 2360 887 2404 lob
907 2362 988 2417 septem

98 2433 159 2476 milia
182 2432 254 2477 ovium
270 2435 292 2476 et
311 2431 371 2475 mille
392 2432 458 2475 boum
481 2430 532 2491 (666
551 2436 569 2484 1,
586 2432 616 2491 3),
638 2432 709 2476 Nabal
730 2434 772 2477 tria
793 2433 852 2476 milia
874 2433 946 2477 ovium
967 2437 988 2478 et

99 2506 157 2550 mille
179 2521 289 2563 caprarum
311 2504 434 2562 possessisse
456 2504 476 2564 (6
492 2503 528 2548 Sm
549 2507 584 2557 25,
606 2507 635 2565 2),
659 2505 723 2559 blesa,
745 2521 816 2564 regem
838 2506 988 2560 Moabitarum,

99 2577 200 2630 Hebraeis
223 2578 339 2636 quotannis
362 2581 448 2621 centum
469 2577 530 2621 milia
551 2592 657 2635 agnorum
673 2582 694 2623 66
709 2580 782 2623 lanam
803 2582 889 2623 centum
904 2580 989 2623 milium

99 2653 191 2696 arietum
208 2652 307 2712 (fortasse
322 2650 448 2694 vertendum
464 2652 506 2693 est:
523 2652 609 2695 centum
626 2652 685 2695 milia
700 2652 788 2709 pellium
804 2653 903 2704 arietum;
924 2652 988 2710 Vulg.

103 2730 203 2777 ,centum
224 2726 284 2769 milia
304 2724 394 2767 arietum
416 2738 465 2766 cum
487 2724 602 2768 velleribus
624 2726 692 2785 suis“)
715 2726 791 2770 tributi
811 2726 857 2769 loco
874 2726 990 2770 contulisse

98 2798 263 2859 OEQ3Q

162 2912 213 2959 auia
229 2912 290 2963 prisci
306 2910 403 2959 homines,
420 2910 444 2948 ut
460 2910 522 2949 etiam
537 2923 592 2950 nunc
608 2912 684 2952 Arabes
700 2911 800 2958 nomades,
818 2925 865 2963 opes
876 2925 921 2952 sua-s
933 2926 990 2964 prae-

99 2972 160 3024 cipue
176 2973 198 3012 in
214 2987 235 3013 re
252 2972 344 3025 pecuaria
360 2971 436 3022 positas
452 2970 560 3020 habebant,
582 2972 628 3012 ideo
644 2986 680 3023 pro
697 2972 808 3023 pecudibus
825 2973 935 3013 maioribus
952 2975 990 3014 mi-

100 3035 224 3085 noribusque
240 3035 360 3086 plerumque
377 3030 499 3072 uocabulum
514 3033 563 3077 6666
581 3030 601 3089 (6
616 3034 650 3080 rqp
667 3034 788 3083 6666666666
803 3031 851 3089 sibi)
872 3037 990 3086 usurpatur,

100 3094 136 3133 cui
149 3107 233 3146 prorsus
250 3095 316 3134 simile
332 3094 362 3133 est
378 3093 476 3132 Graccum
492 3102 567 3151 κτῆνος
588 3092 609 3150 (6.
626 3109 644 3146 q.
660 3094 730 3153 κτῆμα
748 3093 859 3150 possessio),
881 3096 936 3146 quod
954 3110 991 3148 pro

99 3167 123 3194 eo
140 3155 210 3195 Gracci
226 3153 358 3195 Alexandrini
373 3153 512 3195 reddiderunt.
