2165 3388
76 111 121 155 (534
356 105 403 143 Para
416 106 439 143 ll.
460 106 588 153 Antiquitates
595 107 687 158 'privatae

77 229 104 273 ad
119 244 194 273 rerum
210 228 375 285 rlrytlrmum'et
390 230 481 273 fortasse
497 229 523 273 ad
538 232 630 274 metrum
645 245 730 289 quoque
741 229 856 287 pervenire
873 230 972 287 coepisse,¹

77 302 114 346 sed
136 305 221 346 tantum
242 302 301 365 intra
320 301 447 363 rhythmum
468 304 621 347 sententiarum
643 298 702 347 haud
724 303 775 347 satis
796 305 896 346 exactum
918 318 970 347 con-

77 375 162 420 stitisse.
861 379 862 382 ’

137 486 179 534 Π.
195 484 250 529 Sunt
261 484 298 542 qui
314 485 370 528 inter
382 485 475 530 carmina
486 486 630 530 Hebraeorum
645 489 666 530 et
678 486 850 542 Babyloniorum
866 484 972 549 quasdam

76 558 227 602 similitudines
247 557 376 602 intercedere
392 558 585 603 demonstraverint
605 561 668 616 atque
684 556 856 615 Babyloniorum
876 552 971 603 auctoriss

76 634 143 676 tatem
158 632 182 675 in
198 631 239 675 hac
254 646 277 675 re
293 631 350 688 apud
366 632 472 676 Hebraeos
487 632 615 689 permultum
631 631 721 676 valuisse
738 631 896 676 contenderint.

137 734 199 775 Velut
214 734 268 786 apud
278 734 386 783 Hebraeos,
403 734 432 774 ita
448 734 509 775 etiam
525 736 546 775 in
562 734 685 775 carminibus
697 734 857 786 Babyloniorum
874 734 895 773 et
906 734 973 785 Assy·¹

76 795 153 836 riorum
171 795 331 845 paralleaaaaa
351 797 491 836 sententiarum
511 796 552 838 sive
572 796 717 848 curtytbmiara
737 796 829 835 idearum
850 794 971 835 invenimus.

76 857 104 895 At
120 869 143 895 ea
159 870 180 896 re
196 856 448 907 minimaeomprobatum
469 860 500 896 est
516 858 575 897 illum
590 857 708 908 rhythmum
724 856 813 908 primum
831 855 885 906 apud
901 855 969 906 Baby-

76 917 142 957 lonios
157 916 264 957 exstitisse.
291 917 343 957 Nam
365 919 386 957 et
401 917 445 957 fieri
460 920 533 970 potest,
553 919 578 958 ut
593 917 647 969 apud
662 917 729 959 uarias
745 919 815 969 gentes
835 917 865 956 ita
880 917 972 956 usitatus

77 991 120 1018 esse
137 978 358 1029 caepariaatsaum
380 992 471 1030 quaeque
487 978 590 1031 ingenium
611 978 635 1018 de
651 992 673 1018 eo
695 980 813 1029 sequemini
833 990 900 1029 neque
916 977 971 1017 aliud

76 1039 204 1086 imitaretur3
225 1039 309 1079 eteius
330 1040 384 1079 modi
405 1040 522 1091 rhythmum
542 1040 602 1079 etiam
623 1039 677 1090 apud
692 1039 804 1091 Aegyptios
822 1039 918 1089 antiquos
939 1039 971 1079 in-.

77 1101 171 1140 venimus
187 1102 249 1151 atque
264 1100 364 1140 nonnulla
380 1101 468 1140 carmina
485 1101 583 1153 Aegyptia
602 1113 648 1140 cum
663 1100 758 1154 rhythmo
775 1100 811 1139 illo
828 1100 971 1146 innotuerunt,

77 1174 129 1212 quae
145 1161 249 1201 Hebraicis
266 1161 383 1213 antiquiora
399 1162 468 1202 sunt„
520 1208 521 1211 Ἴ
551 1166 552 1169 ’
746 1166 747 1169 ’

82 1268 83 1271 ,
134 1234 168 1274 vUt
185 1233 239 1285 apud
254 1234 364 1282 Hebraeos
387 1234 416 1274 ita
436 1234 490 1286 apud
505 1235 627 1286 Babylonios
649 1226 719 1274 versus
740 1246 846 1274 sacrararum
867 1233 969 1285 quendam

77 1296 200 1347 syliabarum
211 1295 321 1336 continent.
339 1308 426 1347 quarum
441 1309 482 1335 una
497 1298 521 1334 ut
536 1296 611 1345 „arsir‘
629 1298 677 1336 tono
688 1295 789 1335 instructa
804 1295 837 1342 sit,
855 1288 930 1334 alterae
945 1295 971 1334 ut

77 1357 170 1405 ,‚theses“
187 1360 236 1396 tono
246 1359 331 1397 careant.
353 1356 414 1395 Velut
429 1356 451 1396 in
467 1357 537 1397 tabula
547 1357 633 1407 quadum
649 1356 724 1396 litteris
737 1355 896 1396 cuneiformibus
912 1356 972 1407 regni

77 1418 125 1458 novi
135 1416 294 1469 Babyloniorum
305 1417 416 1468 conscripta
426 1430 495 1457 versus
510 1418 577 1458 tribus
586 1417 645 1457 lineis
661 1417 744 1457 directis
760 1417 782 1455 in
793 1418 891 1468 quattuor
902 1412 972 1467 partes

77 1478 136 1519 divisi
153 1481 208 1529 sunt,
225 1478 300 1530 quibus
316 1480 415 1530 quattuor
430 1491 500 1518 versus
515 1479 606 1519 membra
621 1478 788 1530 distinguantur'

138 1551 166 1590 Ut
185 1552 206 1591 in
226 1553 294 1591 vetere
311 1553 440 1600 testamento,
462 1553 491 1593 ita
511 1551 564 1604 apud
580 1551 701 1602 Babylonios
724 1553 745 1591 et
760 1551 856 1602 Assyrios
879 1552 970 1590 carratae

77 1612 169 1664 lapccbria
180 1612 302 1652 invenimus.
323 1611 394 1662 Neque
409 1614 478 1651 tamen
494 1613 532 1653 dici
547 1614 614 1664 potest
625 1612 709 1652 formam
725 1612 839 1653 carminum
850 1611 969 1664 lugubrium

77 1673 215 1713 Hebraeorum
232 1674 335 1725 propriam
350 1669 423 1727 (tiara),
440 1673 476 1712 ubi
491 1673 600 1725 longiorem
616 1686 698 1713 versum
714 1686 793 1723 semper
808 1673 891 1712 brevior
902 1673 971 1723 sequi·

77 1736 112 1774 tur
132 1731 201 1789 (idque
222 1734 334 1774 secundum
349 1734 448 1774 rationem
470 1740 514 1776 322
532 1735 563 1774 vel
580 1740 625 1776 4:·2-
642 1735 675 1774 vel
691 1731 754 1790 4:3y,
776 1733 842 1774 forma
859 1733 970 1773 carminum

76 1795 195 1847 lugubrium
206 1795 364 1846 Babyloniorum
381 1797 402 1835 et
412 1795 543 1847 Assyriorum
559 1795 663 1835 clariorem
679 1794 733 1844 fieri3
750 1794 772 1834 in
788 1794 884 1834 omnibus
896 1796 973 1844 autem,

77 1869 130 1907 quae
146 1856 167 1895 in
178 1856 255 1896 talibus
266 1856 390 1896 carminibus
399 1855 431 1895 'ad
447 1856 564 1908 religionem
575 1856 684 1908 pertinent,
702 1856 750 1896 haec
766 1855 807 1895 illis
822 1855 888 1895 multo
900 1867 971 1906 super-

78 1919 146 1957 antur,

138 1990 165 2029 Ut
182 1989 236 2041 apud
251 1990 359 2040 Hebraeos,
380 1990 409 2029 ita
425 1990 479 2041 apud
494 1990 615 2042 Babylonios
632 2003 712 2041 quoque
733 1996 753 2030 et
769 1989 863 2041 Assyrios
881 1990 973 2029 cartana

78 2051 200 2101 alphabetico
220 2051 343 2090 invenimus.
369 2051 408 2092 Sed
428 2050 576 2102 respiciendum
599 2052 630 2091 est
650 2046 790 2091 acrostichidis
813 2050 855 2091 sive
877 2050 973 2090 carminis

77 2111 201 2163 alphabetici
212 2108 317 2164 artificium
333 2112 387 2162 apud
403 2112 453 2151 alias
469 2122 550 2164 quoque
562 2114 632 2164 gentes
645 2112 745 2152 usitatum
756 2111 826 2160 fuisse,
844 2112 901 2151 velut
917 2110 971 2163 apud

78 2172 220 2222 Samaritanus,
237 2173 303 2224 Syros,
320 2173 403 2213 Arabes.

138 2247 191 2286 Item
206 2245 228 2284 in
244 2245 348 2285 nonnullis
360 2244 481 2285 carminibus
492 2246 648 2298 Babyloniorum
665 2247 686 2286 et
696 2245 825 2295 Assyriorum
844 2246 911 2300 cadem
926 2258 971 2285 scra-

77 2308 137 2346 tcatia
153 2308 233 2358 saepias
248 2308 351 2357 repetitur,
367 2308 391 2346 ut
406 2306 427 2345 id
443 2307 468 2346 Ps
486 2312 526 2350 136
543 2306 663 2356 invenimus,
678 2307 716 2346 ubi
732 2307 796 2346 Jahve
812 2308 897 2358 propter
912 2306 972 2346 boni-

77 2371 141 2408 tatem
159 2381 222 2416 suam,
244 2380 305 2418 quam
320 2367 394 2418 partim
415 2367 515 2408 creatione
530 2367 670 2408 universitatis
690 2381 760 2408 rerum
776 2367 851 2419 partim
867 2366 973 2407 beneficiis

76 2428 99 2468 in
114 2430 197 2482 gentem
213 2422 345 2468 israeliticam
362 2427 441 2467 collatis
457 2429 607 2478 demonstravit,
624 2429 721 2469 laudatur
737 2430 757 2468 et
773 2431 823 2480 post
835 2440 970 2478 unamquam-

78 2502 117 2540 que
140 2489 220 2529 laudem
243 2490 292 2528 haec
314 2488 376 2544 verba
396 2490 527 2540 repetuntur:
556 2490 620 2538 „Nam
642 2490 664 2529 in
686 2491 792 2535 aeternum
814 2482 885 2530 manet
905 2490 973 2541 gratia

78 2551 139 2590 eius“.
348 2558 349 2561 ’

139 2642 247 2701 Quidquid
263 2644 335 2687 autern
346 2642 416 2685 simile
431 2643 487 2687 inter
498 2643 640 2688 Hebraeorum
657 2647 677 2687 et
688 2643 860 2701 Babyloniorum
875 2643 973 2687 carmina

77 2717 191 2761 inuentum
212 2720 249 2770 est,
270 2732 296 2760 ex
319 2716 479 2774 propinquitate
494 2716 616 2775 linguarum
637 2731 711 2760 eorum
731 2719 752 2761 et
767 2716 856 2774 ingenio
873 2716 971 2759 omnium

77 2790 175 2848 gentium
197 2789 285 2834 orientis
306 2789 391 2846 antiqui
412 2789 519 2833 communi
534 2790 635 2847 explicari
655 2791 727 2847 potest
747 2804 817 2848 neque
838 2803 923 2833 necesse
939 2792 973 2833 est

78 2878 112 2907 eas
124 2862 274 2906 similitudines
291 2878 315 2906 eo
326 2862 405 2914 referri,
422 2862 478 2919 qaod
490 2863 659 2920 Babyloniorum
675 2862 793 2924 auctoritas
808 2864 833 2906 in
849 2855 875 2905 ea
885 2877 972 2920 quoque

78 2951 100 2979 re
116 2935 173 2992 apud
189 2935 298 2979 Hebraeos
315 2935 409 2979 valuerit.
648 2929 649 2932 ¹

138 3038 251 3080 Adnotctr'o.
275 3060 305 3065 —
327 3037 489 3087 Eloquentia
505 3037 603 3089 imprimis
620 3052 631 3077 a
646 3038 750 3089 prophetis
767 3040 788 3077 et
803 3050 846 3077 non
863 3038 929 3077 solum
945 3037 970 3077 ad

78 3099 147 3150 populi
163 3099 184 3138 in
199 3099 259 3138 deum
275 3098 335 3138 fidem
347 3098 502 3138 confirmandam
518 3099 626 3151 diligenter
637 3099 750 3148 exercitata,
767 3098 876 3138 sedetiam
887 3112 971 3151 magno-

77 3173 124 3210 pere
140 3159 231 3210 perfecta
242 3161 280 3199 est.
301 3159 356 3206 Quas
372 3158 473 3199 orationes
484 3159 555 3209 Jesaia,
566 3160 636 3210 Micia,
647 3162 715 3209 Amos,
733 3159 768 3199 alii
778 3159 890 3211 prophetae
905 3159 970 3200 habu-
