2165 3388
118 95 163 139 344
412 90 457 127 Ρ919
471 91 485 130 l.
506 90 636 138 Antiquitates
650 102 712 128 sacrae

117 226 154 277 τῆς
165 221 242 275 σαρκὸς
253 219 388 276 nabapo'rprc
399 214 456 259 Hebr
467 218 487 266 9,
499 215 536 274 13)
547 217 568 259 91
584 214 690 259 iustitiam
700 214 783 272 legibus
800 213 940 258 theocraticae
955 214 1008 258 civi-

118 287 170 332 tatis
186 286 355 341 convenientem,
372 287 403 330 ita
418 289 442 331 ut
459 287 496 344 qui
517 287 626 332 sacrificiis
646 289 749 346 purgatus
770 289 820 339 erat,
836 286 863 330 ad
880 287 961 330 cultum
977 287 1009 331 di-

118 361 194 405 uinum
209 360 300 404 idoneus
316 360 381 415 fieret.

179 445 250 503 Atque
266 448 328 489 erant
343 445 423 489 multae
438 445 589 491 immunditiae
609 448 656 505 lege
677 448 774 499 statutae,
791 460 845 504 quae
861 461 898 503 per
915 461 936 489 se
952 446 1009 504 ipsae

118 518 204 577 quidem
220 518 304 562 nullam
319 533 404 562 morum
415 518 504 576 culpam
521 520 666 572 continebant,
682 519 718 562 sed
734 521 819 563 tantum
840 518 866 563 ad
882 520 1009 564 relationem

118 592 213 636 hominis
229 592 256 635 ad
272 592 449 636 communitatem
464 593 618 637 theocraticam
634 592 776 649 pertinebant,
793 596 817 637 ut
831 608 879 636 eum
890 592 917 636 ad
928 592 1009 636 cultum

119 666 217 710 (livinum
232 666 331 723 ineptum
346 666 447 710 facerent.
480 666 537 720 Quae
557 664 706 710 immunditiae
727 666 834 710 sacrificiis
855 665 932 710 oblatis
947 665 1009 709 tolle-

118 741 198 784 bantur
214 739 278 797 idque
295 754 320 783 ex
337 751 400 797 opere
416 743 508 796 operato.
534 741 581 784 Huc
596 739 630 783 illi
646 754 754 783 sacrarum
769 739 890 783 litterarum
906 739 947 783 loci
962 754 1009 796 per-

118 814 195 865 tinent,
212 813 290 871 quibus
307 813 358 857 deus
373 812 498 857 hominibus
513 812 641 870 sanguinem
657 813 684 856 ad
700 813 845 870 expiationem
861 812 941 856 dedisse
957 811 1009 855 dici-

119 893 161 939 tur,
176 889 201 930 ut
218 887 249 930 Lu
266 891 300 939 17,
318 891 356 938 11;
376 885 442 940 ,Quia
459 887 530 929 anima
552 886 622 929 carnis
643 886 667 929 iu
687 886 793 945 sanguine
814 888 851 938 est,
867 889 888 929 et
904 900 944 944 ego
961 885 1010 929 dedi

119 976 169 1004 eum
184 960 246 1004 robis
262 973 325 1015 super
341 973 399 1002 aram
415 959 442 1001 ad
459 958 576 1015 expiandas
591 958 675 1001 animas
691 960 781 1010 99911991
797 974 848 1002 nam
864 959 1009 1015 9999919991-

120 1049 178 1077 mam
194 1033 309 1089 expiabile.
340 1031 385 1074 Hae
401 1031 459 1088 leges
473 1030 495 1074 id
512 1031 643 1088 spectabant,
659 1034 684 1075 ut
695 1030 853 1075 oboedientiam
864 1032 1010 1076 Hebraeorum

120 1109 248 1159 exercerent,
264 1106 287 1148 in
303 1105 333 1148 eis
347 1105 500 1151 conscientiam
516 1092 727 1148 naturae'humanae
743 1105 814 1162 lapsae
830 1108 852 1149 et
861 1105 1010 1162 necessitatem

120 1195 181 1224 verae
197 1178 325 1236 expiationis
340 1192 378 1234 per
390 1176 498 1221 Christum
513 1177 652 1233 praestandae
669 1177 791 1221 excitarent.
812 1179 857 1222 Hac
872 1179 896 1222 in
912 1179 1009 1222 1999911-

120 1252 169 1296 ficia
179 1252 256 1296 veteris
266 1250 391 1295 testamenti
401 1251 490 1294 minime
501 1253 563 1294 erant
574 1252 653 1313 ἀσθενῆ
665 1257 782 1312 9919119191
794 1262 885 1312 στοιχεῖα
897 1250 945 1311 (Gal
953 1256 974 1308 4,
981 1256 1009 1311 9).

181 1378 299 1427 Thomas,
316 1378 334 1416 S.
345 1378 374 1417 th.
391 1384 408 1426 1,
421 1384 440 1420 2,
452 1391 484 1429 qu.
498 1382 547 1421 103.
558 1391 575 1419 a.
593 1384 616 1419 2:
634 1378 671 1425 „In
686 1379 755 1417 vetere
770 1378 815 1430 lege
831 1378 906 1431 duplex
920 1378 1009 1418 immun-

121 1440 172 1480 ditia
188 1438 339 1487 observabatur,
355 1452 396 1478 una
412 1438 492 1490 quidem
509 1434 628 1489 spiritualis,
640 1451 690 1489 quae
702 1440 733 1478 est
743 1438 873 1479 immunditia
883 1440 960 1490 culpae,
971 1440 1009 1479 alia

121 1514 167 1541 vero
190 1499 309 1552 corporalis,
333 1512 384 1550 quae
405 1499 489 1540 tollebat
511 1499 642 1540 idoneitatem
664 1500 689 1538 ad
711 1500 790 1539 cultum
812 1499 952 1542 divinum...
978 1501 1009 1541 Ab

121 1563 157 1602 hac
172 1561 237 1613 igitur
252 1560 382 1601 immunditia
399 1557 572 1616 (irregularitatis)
595 1560 724 1601 caerimoniae
746 1561 821 1601 veteris
841 1561 889 1614 legis
910 1561 1010 1601 habebant

120 1624 218 1664 virtutem
234 1621 363 1671 emundandi,
380 1621 428 1673 quia
443 1620 504 1661 huius
521 1621 575 1661 modi
590 1620 722 1661 caerimoniae
738 1623 796 1661 erant
811 1622 908 1673 quaedam
922 1622 1011 1662 remedia

121 1683 213 1724 adhibita
229 1696 252 1722 91·
269 1682 396 1722 ordinatione
411 1682 462 1734 legis
478 1682 503 1722 ad
519 1682 619 1722 tollendas
636 1682 749 1734 praedictas
771 1682 910 1723 immunditias
930 1696 953 1723 91
970 1684 1010 1723 919-

120 1747 166 1785 tuto
182 1743 233 1796 legis
248 1742 361 1785 inductas“.

181 1888 216 1933 ΙΙ.
234 1886 340 1930 Sacrificia
355 1886 432 1930 veteris
447 1886 571 1929 testamenti
586 1885 696 1929 habebant
711 1886 857 1944 efficucitctcrn
870 1887 1010 1945 symbolicum,

121 1963 227 2019 quatenus
244 1958 354 2016 aptissima
370 1962 437 2012 eraut,
454 1974 507 2016 quae
523 1959 630 2016 optimum
646 1959 713 2003 animi
728 1958 818 2002 humani
833 1958 932 2004 adversus
948 1960 1010 2005 deum

121 2034 220 2077 habitum
231 2033 244 2079 1Ι
256 2047 272 2074 9.
283 2034 368 2075 rectam,
379 2032 519 2082 voluntatem,
534 2032 604 2085 fidem,
621 2033 774 2086 adorationem,
790 2032 949 2087 contritionem,
960 2049 1011 2090 pae-

121 2106 235 2151 nitentiam
257 2107 321 2162 atque
342 2105 378 2163 qui
399 2105 436 2148 9111
456 2105 500 2149 eius
516 2106 575 2149 modi
590 2106 678 2150 affectus
694 2106 733 2149 deo
749 2093 809 2150 sunt
815 2107 872 2164 grati
888 2106 1011 2164 acceptique

121 2181 269 2237 exprimerent.

183 2268 244 2313 (terte
266 2264 371 2307 sacrificia
394 2263 487 2308 blosaica
508 2278 545 2320 per
566 2280 587 2308 se
607 2267 706 2321 spectata,
723 2264 736 2312 i.
752 2280 768 2311 e.
785 2267 889 2323 quatenus
910 2266 1012 2309 animalia

122 2341 235 2384 dumtaxat
250 2340 344 2382 mactata
359 2339 426 2390 eraut,
443 2338 481 2381 deo
497 2340 559 2395 grata
575 2353 619 2381 esse
635 2352 680 2382 non
690 2340 798 2395 poterant,
814 2338 852 2382 sed
861 2341 947 2383 tantum
958 2355 1012 2397 qua-

121 2416 184 2457 tenus
200 2414 270 2456 rectos
286 2410 352 2454 animi
367 2425 442 2454 sensus
458 2413 520 2467 atque
536 2411 641 2467 imprimis
657 2411 725 2454 animi
741 2411 766 2454 de
786 2412 875 2467 peccatis
894 2412 1012 2456 commissis

121 2487 219 2530 dolorem
235 2484 366 2537 indicabant,
382 2485 485 2541 quoniam
502 2484 603 2527 omnibus
614 2484 723 2528 sacrificiis
733 2484 806 2541 opinio
818 2485 890 2528 subest
901 2485 1012 2530 hominem

121 2560 209 2618 peccato
225 2556 435 2613 infectuma'deoque
451 2559 521 2601 morte
538 2557 629 2615 dignum
644 2571 693 2603 esse.
721 2555 883 2601 Sacrificabatur
899 2562 970 2603 autem
987 2575 1011 2603 eo

122 2632 218 2684 consilio,
235 2633 260 2674 ut
275 2633 358 2686 praeter
374 2630 527 2683 adorationem,
544 2645 598 2688 quae
614 2630 728 2674 cuiuslibet
743 2630 841 2675 sacrificii
856 2632 942 2688 propria
958 2636 990 2675 est
999 2637 1012 2685 ¹,

122 2706 180 2759 tides,
193 2719 246 2761 spes,
259 2705 378 2761 gratiarum
390 2704 453 2756 actio,
470 2703 579 2756 contritio,
590 2703 721 2761 paenitentia
733 2706 897 2757 ostentarentur,
908 2720 961 2762 quae
972 2705 1012 2749 deo

122 2794 171 2823 vere
193 2780 255 2822 erant
275 2779 371 2833 acceptae
392 2779 413 2820 et
434 2778 478 2820 sine
499 2777 576 2834 quibus
600 2777 702 2821 sacrificia
717 2779 779 2821 erant
794 2777 873 2821 inania.
906 2777 1013 2821 Sacrificia

122 2853 170 2908 ipsa
186 2850 260 2906 igitur,
278 2864 326 2893 cum
342 2850 368 2894 ad
384 2850 452 2894 animi
463 2849 598 2894 devotionem
611 2850 757 2894 referebantur
765 2854 779 2902 2,
791 2850 874 2894 animos
885 2865 963 2903 eorum,
975 2849 1013 2908 qui

123 2940 147 2967 ea
167 2924 292 2976 offerebant,
309 2923 335 2966 ad
355 2923 447 2982 gratiam
468 2923 626 2966 iustificationis
646 2923 811 2984 recuperandam
833 2922 976 2980 disponebant
992 2924 1013 2965 et

122 2999 284 3055 praeparabant.
310 2995 356 3049 Qua
372 2997 397 3040 de
413 3011 476 3040 causa
492 2996 543 3039 deus
559 3011 604 3039 non
620 2998 665 3039 tam
681 2996 784 3040 sacrificia
800 3011 864 3054 quam
879 2998 959 3040 rectam
974 3011 1012 3039 ro-

122 3072 229 3115 luntatem
245 3070 353 3114 inculcare
369 3085 414 3113 non
430 3069 514 3123 desinit,
531 3083 579 3112 911111
599 3069 637 3112 1119
658 3084 722 3126 opera
737 3085 774 3126 per
790 3069 879 3125 seipsa,
896 3070 919 3112 in
935 3069 1013 3127 quibus

123 3144 199 3188 11111991
216 3145 261 3188 91119
278 3143 410 3200 paenitentia
427 3143 526 3186 omnibus
542 3157 627 3185 morum
642 3143 760 3199 praeceptis
776 3142 858 3186 reiectis
878 3158 936 3200 spem
953 3156 1013 3185 suam
