2147 3361
346 52 466 90 Sacramenta
478 53 546 91 veteris
559 51 671 90 testamenti
915 50 959 103 353

62 182 108 233 lege
124 179 186 220 llosis
202 179 332 220 determinari
348 173 449 230 sacrificia,
466 181 576 221 oblationes
587 182 607 221 et
618 179 713 230 decimas,
731 173 832 231 quantum
848 179 873 219 ad
890 192 959 220 omnes

63 241 178 294 singulares
199 240 360 281 circumstantias
381 242 401 281 ct
421 241 550 282 matrimonia
570 244 590 282 εὴ
610 240 747 294 paenitentiae
764 240 912 282 satisfactiones
929 240 959 279 di-

63 301 165 355 stingui‘fi

51 468 52 471 ,
125 421 145 467 Ι.
162 418 298 464 Sacramenta
313 420 390 464 veteris
406 422 527 465 testamenti
544 424 605 465 erant
620 424 683 479 sipna
699 423 731 465 rei
746 427 840 479 scirentne7
849 434 916 480 perani
927 420 959 476 ef-

61 494 156 551 ficaciter
172 494 328 552 significabant,
339 495 451 553 eademqne
465 494 510 553 tppi
518 497 599 552 proiice
606 510 648 554 per
658 499 772 539 oeirtmnnn
784 496 884 540 messiam
894 508 959 551 proe-

63 567 158 611 stendoe.
190 568 248 623 Qriae
270 566 332 624 sigua
355 569 417 610 erant
432 566 524 611 visibilia
539 567 552 610 i.
568 585 585 615 e,
601 570 660 611 aetus
677 568 724 611 sine
740 568 816 619 verbis,
832 569 888 612 ritus
904 567 959 611 sacri

63 656 76 683 a
92 640 131 683 deo
148 640 194 696 ipso
210 639 311 692 instituti,
328 639 365 695 qui
381 640 479 683 umbram
497 642 579 683 tantum
596 642 617 683 et
632 641 826 698 imaginemrerae
836 640 960 684 sanctitatis

63 713 76 756 i.
93 729 109 756 e.
126 711 256 759 munditiam
272 714 294 755 εὴ
309 711 445 756 sanctitatem
459 712 579 771 legitimam
595 713 718 758 efficiebant
734 728 804 770 neque
820 728 858 769 per
873 729 895 757 se
908 728 959 771 gra-

63 787 117 830 tiam
133 785 287 829 iustificantem
302 784 442 829 conferebant
457 786 491 829 vel
507 786 589 830 animae
605 789 682 831 notam
697 787 836 830 indelebilem
847 786 958 843 imprime·

63 860 124 905 bant.
155 858 223 902 Erant
238 858 332 915 primum
348 859 416 916 signa,
432 874 485 916 quae
501 859 601 903 beneficia
622 860 697 913 divina
713 859 815 904 Hebraeis
835 860 859 902 in
875 874 958 903 memo-

64 933 119 977 riam
134 935 268 983 revocarent;
286 931 335 975 dein
351 933 418 990 signa,
435 948 488 990 quae
503 933 607 977 iustitiam
622 933 746 991 legitimam
761 932 885 976 indicarent
895 934 961 989 atque

64 1006 176 1056 afferrent3
192 1004 282 1062 denique
297 1005 366 1062 signa,
383 1020 436 1062 quae
452 1006 578 1050 salvatorem
589 1009 706 1050 venturum
723 1008 744 1050 et
760 1006 882 1063 quiveram
897 1019 960 1048 sanc-

63 1078 149 1122 titatem
165 1092 239 1135 perse
254 1078 300 1134 ipse
315 1077 422 1131 tribueret,
438 1078 561 1124 indicarent.

127 1150 218 1204 Quinam
233 1165 283 1194 vero
300 1166 326 1194 ex
341 1151 418 1195 ritibus
433 1151 456 1194 in
471 1151 518 1210 lege
533 1152 627 1208 Mosaios
642 1151 718 1195 divino
739 1152 799 1195 iussu
819 1150 961 1195 observandis

64 1225 197 1268 sacramenia
212 1223 299 1277 fuerint,
315 1224 375 1268 haud·
388 1224 450 1269 facile
465 1225 571 1279 definitur,
587 1230 637 1283 quia
649 1224 725 1275 nobis
746 1228 819 1281 aperte
839 1224 960 1268 revelatum

64 1313 112 1342 non·
130 1300 168 1349 est,
184 1312 289 1355 quaenam
311 1298 450 1342 caerimoniae
472 1298 498 1341 ad
518 1299 610 1357 gratiam
630 1298 799 1355 significandam
815 1301 837 1342 et
853 1283 959 1342 iustitiam

64 1364 185 1429 legitimam
195 1371 349 1427 procreandam
360 1372 471 1416 institutae
482 1372 531 1416 sint,
547 1366 757 1429 Pleriquetlreologi
768 1386 817 1414 cum
831 1387 847 1419 s,
858 1370 960 1415 Tlromal

64 1447 147 1502 praeter
163 1445 347 1500 cirenensisioneni,
363 1460 416 1502 quae
431 1445 561 1503 baptismum
576 1445 720 1502 significabat,
736 1444 816 1501 triplex
839 1459 908 1502 genus
923 1458 958 1486 sa-

64 1520 223 1561 cramentorum
243 1517 389 1575 legitimorum
410 1520 545 1562 enumerant:
566 1532 624 1563 esum
646 1520 699 1576 epiri
712 1518 825 1575 paschaiis
840 1519 861 1560 et
874 1531 961 1574 perenm

61 1592 222 1649 propositionis,
238 1605 292 1648 quae
307 1590 411 1648 imagines
427 1607 452 1634 ss.
463 1590 600 1635 eucharistiae
611 1592 683 1643 erant3
700 1592 878 1635 consecrationem
890 1604 960 1634 socer-

65 1664 150 1719 dotnm‘
162 1678 216 1720 quae
232 1663 308 1707 umbra
324 1663 449 1707 sacramenti
465 1664 544 1708 ordinis
560 1666 615 1715 erat;
632 1664 704 1707 varias
720 1663 865 1716 lustrationes,
882 1654 962 1720 quibis

65 1737 157 1781 Hebraei
172 1737 199 1780 ab
214 1737 357 1781 immunditiis
371 1737 418 1795 lege
432 1736 545 1794 prohibitis
555 1738 708 1795 purgabantur
720 1751 816 1794 [luneque
827 1739 890 1780 erant
901 1751 959 1793 sym-

65 1811 115 1854 bola
130 1810 274 1868 paenitentiae
282 1815 297 1853 2.
752 1803 753 1806 ¹

130 1911 168 1950 lS.
184 1912 212 1951 th.
232 1918 249 1961 l,
262 1918 280 1954 2.
297 1925 330 1963 qu.
344 1918 391 1954 102.
403 1926 419 1951 a.
433 1918 455 1953 5:
472 1910 570 1961 „inistis
587 1911 720 1952 sacramentis
736 1912 811 1951 ueteris
828 1910 880 1963 legis
897 1923 960 1961 qnae·

65 1972 112 2013 dam
127 1972 256 2025 pertinebant
277 1973 409 2012 communiter
429 1972 454 2011 ad
474 1973 541 2012 totum
556 1972 663 2024 populum,
681 1972 781 2023 quaedam
798 1973 867 2012 autem
883 1971 961 2023 specia-

64 2034 113 2074 liter
129 2034 154 2073 ad
170 2033 280 2082 ministros,
297 2036 317 2074 et
333 2033 384 2073 circa
400 2034 496 2084 utrosque
511 2033 551 2072 tria
561 2034 619 2073 erant
629 2032 748 2074 necessaria.
769 2032 860 2080 Quorum
871 2033 960 2084 primum

65 2097 97 2135 est
112 2094 215 2135 institutio
236 2095 259 2134 in
278 2096 334 2135 statu
355 2094 430 2134 colendi
446 2094 515 2134 deum:
538 2096 558 2133 et
578 2094 626 2134 haec
647 2094 732 2145 quidem
747 2094 853 2134 institutio
871 2105 960 2132 commu-

65 2156 120 2195 niter
140 2158 240 2206 quantum
260 2155 285 2195 ad
305 2168 372 2196 omnes
393 2154 452 2195 fiebat
471 2167 507 2207 per
522 2155 697 2207 circuncisionem,
720 2155 764 2195 sine
780 2168 822 2207 qna
837 2154 909 2195 nullus
925 2153 961 2192 ad-

65 2217 186 2257 mittebatur
207 2217 231 2256 ad
252 2216 330 2267 aliquid
349 2215 455 2268 legalium;
477 2217 577 2266 quantum
592 2228 639 2256 uero
663 2216 689 2255 ad
705 2216 826 2266 sacerdotes,
843 2229 879 2267 per
895 2226 960 2255 sacer·

66 2276 136 2317 dotum
152 2279 319 2317 consecrationem.
351 2277 441 2317 Secundo
457 2276 599 2327 requirebatur
620 2289 669 2317 usus
690 2290 767 2325 eorum,
785 2289 836 2329 quae
856 2276 963 2328 pertinent

66 2339 90 2377 ad
107 2338 198 2379 diuinum
215 2338 304 2378 cultum:
324 2339 345 2378 et
361 2337 390 2377 sie
406 2338 505 2388 quantum
521 2337 545 2376 ad
561 2337 660 2389 populum
678 2339 722 2377 erat
738 2350 785 2378 esus
798 2338 900 2389 posebelis
916 2349 961 2375 con-

64 2400 116 2451 uinii,
134 2399 158 2438 ad
174 2412 235 2450 quem
250 2399 320 2438 nullus
335 2398 485 2439 incircumcisus
501 2398 653 2447 admittebatur,
670 2401 696 2439 ut
712 2401 770 2450 patet
785 2412 809 2438 ex
825 2399 854 2438 Ex
865 2411 881 2438 o.
894 2404 927 2445 12,
939 2399 960 2436 et

66 2461 167 2510 quantum
183 2460 208 2499 ad
224 2459 337 2499 sacerdotes
354 2460 423 2500 oblatio
439 2459 562 2499 uictimarum
583 2461 603 2499 et
624 2472 668 2499 esns
686 2471 765 2510 parianu
778 2460 924 2511 propositionis
940 2460 963 2497 et

65 2520 157 2569 aliorum,
174 2534 225 2572 quae
242 2522 299 2561 erant
319 2520 443 2560 sacerdotum
459 2519 530 2560 usibus
546 2519 649 2572 deputata.
682 2521 751 2561 ¹lertio
770 2520 913 2572 requirebatur
928 2531 959 2558 re-

65 2583 128 2621 motio
144 2595 220 2630 eorum,
237 2595 272 2633 per
293 2594 344 2633 quae
364 2581 427 2631 aliqui
448 2580 610 2632 impediebantur
633 2596 644 2621 a
661 2582 720 2622 cultu
736 2582 811 2629 divino,
829 2593 855 2621 sc.
872 2580 962 2619 immun-

66 2641 172 2683 ditiarum:
189 2645 210 2684 et
226 2643 255 2683 sic
271 2643 370 2694 quantum
386 2641 410 2682 ad
426 2642 524 2693 populum
540 2644 598 2682 erant
618 2643 729 2683 institutae
750 2642 849 2693 quaedam
862 2641 960 2691 preripien-

65 2704 126 2743 tiones
142 2718 153 2744 a
169 2704 288 2755 quibusdam
305 2703 437 2743 exterioribus
454 2701 590 2743 immunditiis
602 2704 622 2743 et
634 2703 696 2743 etiam
709 2703 829 2755 expiationes
840 2717 851 2742 a
861 2700 962 2754 peceatis;‚

66 2766 167 2814 quantum
182 2777 229 2806 vero
250 2765 274 2804 ad
296 2765 409 2804 sacerdotes
431 2764 451 2802 et
466 2763 546 2804 Levites
562 2766 605 2805 erat
620 2764 720 2805 instituta
736 2764 808 2804 ablutio
824 2776 921 2803 enarrarunt
937 2774 963 2802 ee

63 2826 137 2874 pedam
153 2831 170 2866 et
185 2827 240 2866 rosio
255 2826 346 2877 pilorum.
378 2825 403 2864 m
423 2825 471 2864 haec
491 2825 558 2866 omnia
578 2826 680 2866 habebant
701 2825 831 2865 rationabiles
853 2836 924 2863 causas
940 2824 961 2863 et

66 2884 173 2936 liner-ares,
191 2887 302 2927 secuudum
322 2886 376 2937 qnod
397 2885 541 2926 ordinabantur
562 2887 588 2926 ad
609 2887 689 2926 cultum
712 2886 744 2926 dei
759 2898 796 2937 pro
812 2886 903 2937 tempore
918 2884 962 2933 illc,

66 2947 86 2985 et
102 2947 202 3000 figurales,
219 2947 330 2989 seeundum
346 2946 400 2999 quod
415 2946 562 2987 ordinabantur
578 2947 603 2987 a'd
619 2947 749 3000 figurandum
766 2946 886 2986 Christuml‘.

130 3044 178 3085 ²Er
194 3046 225 3085 his
241 3045 298 3097 patet
312 3044 335 3085 in
350 3045 417 3085 vetere
433 3044 476 3097 lege
497 3045 578 3085 nullum
599 3046 684 3085 aliorum
707 3044 772 3084 trium
788 3045 962 3084 sacramentorum

66 3099 240 3158 (confirmationis,
257 3107 356 3146 extremae
376 3105 485 3155 unctionis,
501 3102 633 3162 matrimonii)
655 3106 718 3145 fuisse
738 3107 818 3157 typum.
851 3104 913 3145 Cuius
932 3105 962 3145 rei

127 3180 267 3220 Kortleitner,
280 3179 396 3217 Archaeologia
409 3179 470 3211 biblica
887 3176 911 3213 23
