2107 3321
376 54 446 90 Fontes
460 50 603 98 archaeologiae
613 46 697 86 biblicae
791 44 792 47 ’
955 47 983 91 25)
1038 84 1040 89 ‚

129 206 166 254 lll,
182 206 221 250 De
237 191 421 246 monumentis
438 199 468 242 in
482 197 599 253 Assyria
614 198 638 239 et
653 192 815 251 Babylonia
831 191 947 234 effossis

150 305 246 359 Historia
264 323 380 367 regnorum
395 307 532 363 Assyriorum
555 304 577 348 et
597 303 766 360 Babyloniorum
786 317 839 345 cum
859 303 922 358 gente
940 300 983 343 He-

91 390 159 434 braica
174 385 245 443 magis
260 396 343 426 conexa
358 382 388 423 est
403 393 470 437 quam
484 376 576 420 historia
591 376 753 434 Aegyptiorum.
779 373 814 417 Ex
831 389 872 432 quo
887 376 983 430 apparet,

89 454 344 520 quantopere'subtilior
364 466 436 496 rerum
459 449 596 507 Assyriarum
618 451 637 491 et
659 447 834 503 Babyloniorum
855 446 935 490 notitia
958 446 984 489 ud

91 546 197 578 sacrarum
219 530 338 573 litterarum
359 522 528 580 intellegentiam
550 520 662 578 pertineat.
697 519 753 573 Quae
773 520 854 564 notitia
872 519 984 577 usquead

90 606 198 652 saeculum
219 600 356 660 praeteritum
374 599 440 656 plane
460 596 502 640 fere
518 595 601 647 deerat
620 610 672 637 nam
694 609 724 647 ea,
744 608 798 650 quae
816 610 828 637 a
843 593 984 650 scriptoribus
1046 654 1048 656 V

93 677 191 735 antiquis,
203 675 308 732 imprimis
317 670 404 725 Graecis,
417 670 445 713 de
456 668 496 711 illis
506 669 609 726 gentibus
619 666 735 710 memoriae
744 667 872 722 produntur,
883 668 983 724 quamvis

92 752 158 795 multa
179 749 230 801 sint,
251 749 326 791 tamen
348 743 411 788 nimis
433 741 525 786 recentia
547 743 604 793 sunt,
625 740 750 797 plerumque
772 754 831 796 vaga
853 742 873 783 et
893 741 983 791 incerta,

89 822 168 881 'passim
189 820 279 865 absurda
299 821 323 861 et
342 818 397 861 inter
418 830 442 859 se
462 814 590 874 pugnantia,
609 829 672 870 saepe
689 813 752 857 etiam
772 812 854 856 fabulis
869 813 983 869 permixta.

93 894 173 939 Ruinae
196 891 313 949 Babylonis
334 892 355 934 et
374 890 492 933 ceterarum
511 887 614 949 antiquae
633 885 767 943 Babyloniae
789 885 880 938 urbium,
900 885 954 929 licet
972 903 983 928 a

93 967 203 1013 nonnullis
215 964 332 1009 viatoribus
349 964 379 1024 (ut
395 963 423 1005 ab
437 960 576 1005 murnauueb
591 961 615 1004 de
627 958 648 1002 S.
661 958 755 1016 Aluan)
776 958 800 1002 Ο.
812 958 911 1016 llllctulu‘,
928 959 984 1003 acu

94 1039 237 1098 Beeucbamp)
261 1036 346 1081 saeculo
370 1035 463 1092 septimo
485 1033 570 1077 decimo
592 1034 612 1076 et
632 1031 807 1075 duodevicesimo
832 1031 942 1089 inspectae
964 1035 984 1075 et

90 1112 208 1169 descriptae
224 1111 270 1163 sint,
286 1110 312 1153 in
329 1108 462 1152 obliuionem
477 1106 581 1150 adductae
596 1107 656 1149 erant
674 1106 736 1162 atque
751 1104 818 1148 etiam
829 1104 918 1148 Ninives
932 1105 984 1148 alia-

90 1199 180 1243 rumque
192 1184 288 1240 Assyriae
305 1182 390 1225 urbium
401 1179 491 1237 vestigia
507 1180 645 1234 evanuerant,
662 1180 689 1235 ut
703 1192 730 1221 ne
744 1177 800 1220 situs
815 1193 884 1221 earum
895 1177 983 1236 quidem
1012 1225 1014 1227 ,

91 1260 148 1301 certo
159 1258 318 1314 agnosceretur.
344 1253 433 1298 Saeculo
444 1252 560 1309 praeterito
576 1268 599 1295 eu
615 1251 691 1294 omnia
707 1250 818 1308 explorata
833 1253 886 1303 suut,
903 1250 983 1295 Niniue

90 1329 233 1385 erssatylon
254 1328 351 1384 aliaeque
371 1326 436 1369 urbes
458 1325 560 1369 inuentae
581 1326 639 1375 sunt;
669 1324 736 1367 multa
755 1326 902 1375 monumenta,
928 1338 984 1368 arces

94 1402 167 1459 regiae,
180 1404 252 1452 turres,
263 1400 345 1456 templa
355 1399 423 1442 oculis
434 1398 603 1455 conspiciuntur,
619 1386 675 1454 quae
686 1398 797 1454 tamquam
808 1397 853 1453 ipsa
863 1399 884 1440 et
894 1397 973 1453 sculpti

94 1475 224 1533 imaginibus
239 1476 260 1517 et
271 1472 466 1517 innumerabilibus
481 1471 665 1528 inscriptionibus,
683 1485 733 1527 quas
744 1470 887 1514 cuneilorrnes
898 1474 985 1528 uocant*

94 1547 205 1591 historiam
225 1562 283 1590 suam
305 1547 396 1589 narrant.
432 1543 511 1597 Quibus
535 1543 634 1587 omnibus
658 1543 711 1586 fides
732 1558 841 1586 sacrarum
862 1543 984 1586 litterarum

91 1620 232 1663 confirmatur
251 1633 365 1676 earumque
384 1617 526 1669 narrationes,
548 1615 659 1674 imagines,
681 1616 783 1674 loquendi
805 1616 909 1659 formulae
932 1616 983 1660 mire

93 1691 232 1738 illustrantur.

152 1802 177 1858 a)
195 1819 213 1847 u.
229 1805 311 1844 Primus
327 1803 348 1844 P.
358 1804 382 1844 E.
396 1804 463 1856 Boua,
483 1804 542 1855 regni
558 1803 701 1855 Francogallici
719 1803 740 1842 in
756 1803 810 1842 urbe
825 1803 889 1850 lldsul
907 1803 983 1850 consul,

91 1878 143 1905 anno
161 1871 220 1908 1842
236 1865 257 1904 in
272 1866 319 1905 loco
334 1865 482 1915 KuJ'undsolrik,
498 1878 509 1904 e
526 1865 607 1916 regione
623 1864 690 1904 urbis
700 1864 763 1911 llosul
781 1865 804 1904 in
820 1864 902 1904 sinistra
920 1863 983 1915 Tigris

94 1926 135 1981 ripn
146 1925 194 1972 sito,
210 1926 274 1966 solum
290 1925 406 1976 temptauit,
424 1926 458 1965 sed
473 1925 527 1965 haud
540 1938 610 1977 magno
622 1937 722 1965 successu,
749 1924 817 1972 Quare
833 1925 894 1964 alium
911 1924 988 1971 locum*

93 1986 155 2038 magis
173 1986 199 2025 ad
215 1987 361 2037 septentriones
372 1999 445 2026 versus
461 1986 530 2033 situm,
549 1996 609 2037 prope
624 1986 695 2026 vicum
705 1985 823 2026 lihorsabad
838 1986 983 2037 explorandum

94 2046 183 2097 suscepit
199 2046 265 2097 ibique
283 2045 353 2086 multis
369 2046 474 2087 laboribus
485 2049 506 2087 et
517 2046 643 2086 difficillimis
661 2046 813 2098 impedimentis
829 2046 930 2098 superatis
946 2052 984 2085 una

94 2120 138 2145 cum
158 2106 182 2146 V.
195 2107 249 2146 Pure
264 2104 403 2163 (issi—55)
421 2108 542 2148 immensam
553 2108 632 2147 domum
650 2107 704 2160 regis
720 2108 798 2160 Sargon
809 2106 828 2147 ll
844 2102 983 2163 (Sarra-ura,

92 2173 212 2210 '722-—705
229 2181 245 2209 a.
261 2166 306 2223 Ch.)
323 2168 404 2208 deterit.
436 2168 522 2209 inferior
539 2169 587 2208 ordo
602 2169 743 2208 cubiculorum
759 2168 824 2208 etiam
843 2171 889 2208 tum
906 2168 984 2220 integer

91 2230 139 2275 erat,
156 2226 170 2268 i.
183 2240 199 2267 e.
213 2229 281 2278 plures
299 2228 355 2267 aulae
370 2229 512 2280 amplissimae,
531 2242 615 2280 quarum
631 2229 720 2281 parietes
735 2229 854 2282 ingentibus
871 2229 984 2280 sculpturis

91 2289 114 2326 et
128 2288 223 2339 plurimis
233 2289 401 2340 inscriptionibus
414 2290 574 2330 cuneiformibus
586 2290 676 2341 cooperti
688 2291 755 2337 erant;
774 2290 835 2329 etiarn
844 2290 911 2329 tauris
927 2290 983 2330 alatis

91 2348 118 2386 ad
134 2350 214 2399 portam
230 2349 303 2389 domus
323 2350 432 2398 stantibus,
453 2351 553 2391 lateribus
573 2351 689 2402 pavimenti,
709 2351 793 2390 laminis
808 2351 917 2391 metallicis
933 2350 985 2391 inter

86 2408 224 2454 ¹fundamenta
234 2409 307 2453 domus
320 2410 392 2450 abditis
404 2411 550 2464 inscriptiones
561 2412 694 2452 cuneiformes
704 2411 782 2452 incisae
793 2414 854 2451 erant.
881 2412 908 2451 ln
920 2412 982 2462 sculp-

94 2469 144 2508 turis
162 2470 338 2521 conspiciebantur
353 2484 441 2523 pugnae,
457 2474 586 2520 venationes
600 2473 656 2512 ritus
673 2473 786 2513 sauricum
802 2472 984 2513 innumerabilibus

94 2529 164 2580 liguris
181 2530 240 2569 variis
260 2531 388 2571 vestimentis
413 2533 493 2574 ornatis,
527 2533 581 2579 Quae
599 2534 669 2573 omnia
684 2533 705 2573 P.
720 2534 741 2573 Ε.
758 2535 821 2573 Botta
836 2533 923 2585 eiusque
939 2534 984 2573 socii

94 2589 151 2629 lineis
169 2589 320 2642 descripserunt
335 2594 355 2631 et
369 2593 514 2645 inscriptiones
537 2594 693 2645 exscripserunt,
713 2607 737 2634 ne
753 2594 854 2646 perirent3
874 2607 924 2634 nam
941 2607 985 2634 cum

91 2650 150 2689 aedes
173 2650 218 2691 illae
237 2652 330 2692 incendio
344 2655 437 2693 vastatae
457 2657 532 2703 essent,
553 2655 627 2706 lapides
651 2654 728 2695 calcarii
744 2656 799 2695 aeris
815 2656 911 2694 contactu
929 2655 984 2695 tacite

93 2710 114 2749 in
129 2711 233 2762 pulverem
248 2713 410 2754 resolvebantur.
441 2715 528 2756 Interim
544 2716 590 2755 haec
606 2729 629 2755 er
647 2715 724 2756 oriente
739 2716 763 2755 in
781 2716 864 2755 Galliam
885 2715 984 2756 missust

94 2772 153 2821 paulo
166 2773 212 2822 post
222 2773 306 2826 vulgata
322 2771 413 2829 (Parisiis
426 2772 554 2831 1846—50)
571 2777 663 2816 omnium
673 2777 748 2816 animos
761 2777 819 2816 adse
834 2778 984 2817 converterunt.

152 2838 228 2878 Eodem
247 2840 290 2880 fere
310 2842 402 2892 tempore
424 2842 482 2882 etiam
504 2843 598 2883 Britanni
619 2844 693 2883 collem
714 2844 814 2883 ruderum
833 2843 928 2892 Nimrird,
950 2845 985 2884 ubi

94 2898 184 2939 Niniven
205 2897 283 2956 (Assyr.
300 2901 372 2950 Ninua,
389 2903 450 2942 Arab.
465 2903 549 2955 Nenua)
569 2905 627 2945 sitam
650 2917 694 2944 esse
713 2904 876 2955 suspicabantur,
900 2905 984 2945 effodere

92 2961 205 3011 coeperunt
224 2957 333 3015 (imprimis
353 2963 377 3003 Α.
394 2958 519 3017 HLopard
538 2971 655 3008 1845-47
676 2967 696 3005 et
712 2971 836 3013 rare—51,
857 2965 885 3007 H.
901 2964 997 3006 Bessara

92 3021 167 3069 Syrus
177 3027 293 3064 rste—54
310 3026 329 3063 et
345 3029 470 3073 rere—82,
487 3022 731 3080 G.Suuru1873—ru],
748 3038 836 3076 quorum
846 3026 929 3067 labores
944 3029 985 3067 tam

93 3079 187 3131 ingentes
209 3081 287 3123 fructus
309 3084 425 3134 ediderunt,
451 3088 475 3126 ut
497 3087 589 3127 omnium
614 3087 736 3138 exspectatio
765 3090 904 3137 superaretur.
935 3088 985 3128 Hinc
