2218 3388
150 127 193 172 118
446 123 492 160 Pars
504 124 519 160 1.
533 108 674 170 ¹Antiquitates
687 136 751 161 sacrae

149 246 253 302 scriptum
266 245 320 304 legis
331 246 436 291 llosaicae
452 246 620 300 celebraverunt,
637 248 710 292 statim
726 247 753 291 ad
768 246 873 305 templum
889 248 1052 304 restituendum·

149 318 283 372 advolarunt,
305 319 364 363 cuius
380 319 527 373 fundamenta,
543 319 623 364 Levitis
640 335 693 378 opus
709 320 842 380 urgentibus,
863 321 957 365 secundo
973 336 1051 365 mense

149 383 237 436 secundi
256 396 307 449 post
327 393 420 448 reditum
441 394 494 437 anni
514 393 601 452 magnis
623 409 672 437 cum
693 394 829 438 caerimoniis
847 394 903 438 iacta
921 399 978 448 sunt,
999 394 1050 439 aliis

149 465 228 524 gaudio
245 467 409 519 exsultantibus,
428 467 482 521 aliis,
500 467 538 524 qui
553 466 632 524 prioris
648 467 726 525 templi
742 467 835 526 gloriam
851 467 955 520 viderant,
972 468 1053 512 dolore

148 540 173 582 in
188 539 287 583 lacrimas
303 540 375 584 effusis
395 540 443 600 (llsr
459 545 479 593 3,
497 540 603 600 1.-13)2.
635 539 665 584 At
680 539 816 593 Samaritani,
838 541 875 598 qui
891 541 919 584 ob
935 540 1049 598 religionis.

149 612 294 657 diversitatem
310 631 322 657 a
335 613 436 658 societate
452 614 512 658 illius
528 614 604 671 operis,
621 629 686 671 quarn
701 614 813 670 petierant,
830 614 910 658 exclusi
926 617 993 668 crant,
1010 629 1053 657 exv

149 686 290 730 structionem
306 685 382 743 templi
397 685 501 743 impedire
517 685 591 729 conati
606 688 658 729 sunt
674 685 738 743 idque
754 687 793 730 sub
810 685 865 743 Cyro
883 687 948 731 variis
963 686 1045 730 fraudi·-

148 760 194 816 bus,
210 760 249 803 sub
262 759 365 816 Oambyse
384 760 520 820 (529-522.
552 760 679 811 Aliasweros
696 759 735 803 liar
750 761 806 820 116)
823 763 844 803 ct
858 758 1052 804 Pseudo-Smerde<

149 834 285 892 (bna—521.
301 832 427 884 Artairsasta
442 832 537 891 11117)
554 833 576 877 11
592 834 665 889 aperta
681 833 720 886 usi,
737 833 809 890 quoad
824 833 902 877 ludaei
918 849 932 875 a
946 832 1011 876 Dario
1028 832 1052 886 1,,

148 905 193 949 lilio
216 897 328 963 Hystaspis
351 905 496 966 (521-485),
518 905 652 949 liberrimam
674 908 809 962 potestatem,
825 905 900 963 templi
922 905 1045 950 exstruendi

148 978 294 1035 impetrarent,
316 978 342 1022 ad
363 979 422 1022 cuius
442 978 645 1031 exaedificationem,
666 979 777 1036 prophetis
797 980 882 1037 Haggai
903 981 924 1022 et
945 979 1052 1023 Saclraria.

149 1051 323 1105 cohortantibus,
343 1051 444 1095 ultimam
464 1052 607 1096 admoverunt
627 1067 718 1095 manum
739 1052 787 1112 (ilsr
803 1068 819 1096 c.
835 1052 917 1112 4-5).
949 1052 1044 1096 Tandem

149 1139 207 1168 anno
224 1127 269 1172 515
289 1125 394 1182 templum
413 1124 505 1168 feliciter
525 1125 643 1181 perfectum
663 1140 687 1168 ac
703 1125 803 1168 sollemni
818 1126 861 1169 ritu
878 1125 997 1170 dedicatum
1013 1128 1051 1170 est.

149 1197 185 1258 (a.
202 1203 222 1251 o,
241 1199 344 1259 11-11),

213 1300 279 1341 1N0n
295 1313 365 1341 omnes
381 1301 496 1341 exsulantes
512 1302 646 1348 reverterunt,
663 1301 698 1340 sed
712 1301 803 1352 plerique
813 1301 835 1340 in
846 1301 960 1352 Babylonia
970 1301 1044 1352 partim

150 1362 174 1401 ob
191 1361 328 1413 possessiones
343 1361 373 1402 ibi
389 1361 499 1413 acquisitas
515 1362 590 1413 partim
606 1361 631 1401 ob
648 1362 727 1402 cultum
742 1361 848 1411 idolorum,
866 1361 898 1401 oui
913 1361 1049 1413 pertinaciter·

149 1422 214 1462 dediti
234 1425 298 1470 erant,
319 1426 468 1462 remanserunt.
501 1422 552 1468 Quia
567 1422 655 1462 maxima
673 1436 720 1474 pars
736 1436 811 1470 corum,
834 1424 871 1473 qui
891 1422 999 1470 redierunt,
1021 1436 1050 1462 cx.

148 1483 205 1523 tribu
221 1483 275 1523 Juda
291 1486 340 1531 erat,
360 1483 465 1524 israelitae
482 1483 555 1523 abhinc
571 1483 584 1523 J
589 1483 667 1523 udaei
682 1484 813 1524 vocabantur.
841 1483 933 1523 Ceterum
948 1483 970 1523 in
984 1484 1045 1523 sacris

149 1545 197 1586 novi
212 1544 328 1584 testament'
345 1544 419 1585 litteris
434 1545 517 1584 nomine
535 1541 638 1596 Ἰουδαίων
659 1544 757 1596 imprimis
778 1544 849 1596 religio
866 1544 957 1592 Judaioa,
979 1544 1051 1595 qualis

146 1605 205 1646 initio
228 1605 276 1646 novi
295 1605 382 1645 foederis
405 1609 454 1654 erat,
481 1606 564 1646 nomine
579 1602 687 1662 ,Ἑβραίων
710 1608 766 1645 ortus
788 1605 888 1645 iudaicus
911 1605 1043 1658 significatur.

147 1666 209 1706 Velut
226 1666 301 1706 Paulus
315 1667 335 1705 H
348 1667 386 1706 (lor
404 1674 437 1714 11,
451 1672 478 1708 22
496 1679 518 1706 sc
535 1663 631 1722 Ἑβραῐον
647 1668 710 1715 vocat,
728 1666 833 1717 quianon
849 1666 936 1717 amplius
952 1665 1043 1706 iudaeus

147 1731 191 1767 erat
206 1729 300 1779 respectu
316 1727 424 1780 religionis,
441 1727 546 1767 Hebraeus
562 1729 631 1766 autem
647 1728 741 1778 respectu
757 1728 830 1779 gentis.
857 1729 925 1777 Atque
936 1727 972 1767 eal
983 1732 1002 1775 2,
1016 1733 1042 1769 14

147 1789 233 1829 verbum
248 1784 353 1837 ἰουδαΐζειν
368 1788 423 1827 idem
440 1788 538 1839 estquod
553 1787 672 1840 religionem
683 1788 789 1828 iudaicam
800 1788 891 1839 profiteri
903 1790 923 1827 et
934 1788 970 1827 Gal
983 1794 1001 1835 1,
1015 1794 1042 1830 13

73 1887 74 1890 ,
146 1862 221 1889 nomen
242 1845 372 1905 Ἱοοδαϊομός
393 1850 473 1889 cultum
489 1848 600 1889 iilosaioum
621 1849 681 1896 valet,
703 1862 755 1899 quae
776 1848 896 1902 significatio
914 1862 925 1888 a
940 1849 1049 1889 vocabulis-

147 1906 244 1966 ἑβραΐζειν
260 1915 280 1949 et
296 1905 420 1967 Ἑβραϊομός
436 1922 520 1960 prorsus
537 1910 602 1949 aliena
618 1913 654 1950 est.

210 2007 272 2047 2Ηοο
293 2008 393 2059 tempium
413 2007 506 2058 quamvis
527 2007 561 2047 ilio
582 2007 693 2048 Salomonis
714 2008 787 2047 ornatu
808 2008 830 2045 et
850 2006 956 2058 opulentia
977 2007 1048 2047 multo

147 2068 232 2108 interius
249 2070 307 2117 esset,
328 2071 397 2121 tamen
413 2068 526 2108 seeundum
542 2069 670 2119 prophetiam
685 2068 745 2119 Hagg
763 2074 782 2121 2,
801 2074 812 2109 9
831 2067 875 2107 eius
891 2067 1048 2119 magnificencia

147 2129 221 2180 prioris
240 2129 369 2181 splendorem
385 2129 496 2181 supaeravit,
513 2129 561 2181 quia
576 2129 620 2181 ipse
636 2129 731 2169 dominus
747 2129 820 2180 templi
836 2129 859 2168 in
875 2128 950 2179 templo
967 2129 1043 2179 aderat,

147 2191 160 2229 i.
177 2203 193 2231 e¹
209 2191 250 2242 ilie,
272 2187 293 2232 ἐν
309 2189 325 2247 ᾦ
340 2197 432 2234 κατοικεῖ
448 2193 470 2233 τὸ
486 2190 591 2248 πλήρωμα
607 2197 644 2249 τῆς
660 2192 762 2246 θεότητος
779 2196 900 2245 σωματικῶς
917 2186 960 2244 (Col
977 2196 995 2238 2,
1014 2186 1049 2245 a),

148 2251 200 2291 sient
217 2251 284 2292 divina
299 2252 365 2303 gloria
381 2251 429 2291 olim
446 2263 507 2302 super
523 2263 588 2291 arcam
605 2258 692 2298 τοπικῶς
709 2251 825 2302 apparebat.

485 2453 561 2511 Caput
577 2456 710 2500 secundum

355 2583 397 2628 De
416 2582 547 2638 partibus
567 2582 717 2638 formaque
736 2581 836 2637 templi

208 2734 255 2777 Hoc
275 2733 386 2789 tempium,
406 2733 510 2777 mandato
533 2732 582 2789 Gyri
602 2733 716 2777 altitudine
736 2735 757 2776 et
777 2732 892 2776 latitudine
913 2737 1049 2789 sexagenum¹¹

148 2807 270 2851 cubitorum
281 2807 414 2850 exstructum
430 2805 478 2866 (Esr
489 2810 509 2859 6,
521 2811 541 2854 3.
558 2806 572 2850 J
574 2821 603 2849 os.
616 2805 654 2849 Α]
668 2809 701 2859 15,
714 2810 748 2853 11.
762 2807 789 2863 1),
806 2805 899 2848 eiusdem
909 2804 952 2848 fuit
962 2804 1052 2848 formae

148 2882 212 2938 atque
227 2879 349 2924 Salomonis
369 2894 438 2936 neque
458 2882 532 2924 tamen
552 2880 576 2923 in
592 2879 657 2923 saeris
677 2879 754 2923 litteris
770 2878 895 2935 diligentius
911 2878 1052 2926 describitur,.

148 2952 361 2997 Sanctissimnm
382 2956 427 2996 erat
443 2967 545 3007 vaouum;
566 2952 638 2996 deerat
654 2952 712 2996 enim
730 2966 777 2995 arca
792 2952 884 2995 foederis
900 2967 949 2995 cum
964 2951 1051 2995 tabulis

144 3025 200 3084 legis
223 3041 292 3083 neque
313 3025 406 3083 amplius
428 3025 482 3069 illud
504 3026 636 3082 praesentiae
658 3021 742 3069 diuinae
764 3025 888 3082 symbolum
909 3025 923 3068 i.
940 3039 956 3069 e.
976 3026 1052 3068 nubes

147 3099 323 3155 conspiciebatur,
340 3114 395 3157 qnae
412 3100 464 3143 olim
479 3094 546 3156 ¹supra
561 3098 723 3142 tabernaculum
740 3098 857 3141 llosaicum
873 3098 986 3142 videbatur
1002 3098 1043 3157 (111

147 3176 183 3222 40,
199 3176 296 3220 34-38,
311 3171 342 3215 Lv
360 3176 395 3225 16,
409 3172 432 3233 2)
449 3175 470 3215 et
486 3172 536 3215 dein
552 3171 655 3229 templum
672 3170 793 3215 Salomonis
809 3171 931 3228 complebat
948 3171 967 3231 (l
977 3171 1012 3229 ag
1023 3176 1050 3226 8,.
