2218 3388
88 117 135 161 252
386 113 432 149 Pars
446 113 461 150 I.
482 112 613 159 Antiquitates
627 124 688 150 sacrae

90 241 227 289 conveniebat,
249 241 327 292 quippe
344 240 378 291 qui
394 254 416 280 er
434 240 496 280 certis
516 240 633 281 nominibus
657 242 734 292 tempus
753 240 873 280 coristituere
895 241 983 281 mallent.

89 301 163 352 Itaque
175 301 263 341 videmus
281 314 317 342 eos
334 314 395 341 annos
406 301 439 341 vel
456 314 527 353 regum
538 302 570 341 vel
585 302 745 354 magistratuum
763 314 887 349 numerasse3
903 301 983 342 Graecis

90 365 161 402 autem
178 363 301 413 computatio
323 362 460 415 olympiadum
482 375 505 401 ex
524 363 643 403 nominibus
659 362 757 403 victorum
782 363 886 402 memoriae
904 363 983 403 traditis

91 425 137 462 orta
153 437 195 464 esse
212 419 313 463 uidetur«
364 428 366 431 '

154 566 195 613 lv,
217 565 340 622 Praeceptis
356 566 380 609 de
396 581 461 609 anno
473 566 564 610 iubilaeo
580 567 637 610 bene
653 565 763 622 provisum
780 567 830 617 erat,
845 582 872 609 ne
888 565 984 609 familiae

89 638 113 681 in
129 641 255 695 perpetuam
271 642 419 695 praeripertatem
435 639 581 697 redigerentur
599 641 622 683 et
638 639 712 683 divites
727 638 846 683 latifundia
860 639 984 682 accumule-

90 716 146 764 rent,
163 712 219 769 quod
235 712 261 755 ad
278 713 460 770 tranquillitatem
475 713 602 771 reipublicae
618 712 719 757 tuendam
735 715 802 770 atque
818 712 985 756 conservandam

90 785 182 828 maximi
198 787 241 828 erat
256 786 369 833 momenti,
390 785 459 831 Simul
476 789 497 830 et
512 787 599 830 libertas
616 786 687 844 gentis
702 786 783 830 electae
796 786 910 829 manifesta
920 785 985 829 fiebat

90 860 111 900 et
129 859 203 915 opinio
214 858 304 915 ,belluae
321 860 398 902 summi
412 862 483 903 terrae
493 859 580 912 domini,
598 874 623 902 ae
639 857 714 902 fiducia
730 859 756 902 in
770 858 813 902 eius
826 858 984 915 providentiam

90 931 216 988 augebatur.
237 932 317 976 Merito
334 932 400 989 igitur
412 948 441 997 ⁴'ea
457 934 568 989 praecepta
584 949 597 975 a
614 932 704 975 Philone
720 933 763 993 (De
780 932 884 989 decalogo,
897 946 946 988 opp.
958 932 985 984 ll,

91 1006 146 1065 207)
163 1016 245 1066 πρᾶγμα
261 1011 420 1066 φιλανθρωπίας
431 1011 473 1052 aar
489 1011 619 1067 δικαιοσύνης
637 1012 705 1066 μεστόν
721 1009 833 1050 vocamur.

154 1122 225 1159 ,laras
240 1117 344 1159 iubilaeus
361 1120 502 1160 consideratur
517 1116 622 1171 tamquam
638 1125 694 1172 tppcs
708 1116 768 1159 illius
785 1119 832 1158 anni
843 1120 894 1160 tuba
907 1119 940 1159 dei
955 1119 985 1159 in·

91 1180 173 1220 dicendi
189 1177 227 1233 (lit
243 1187 277 1229 24,
298 1187 332 1222 31.
349 1181 359 1220 I
374 1182 409 1221 Gor
427 1188 463 1229 15,
482 1188 514 1224 52.
530 1181 539 1220 I
554 1181 617 1221 Thess
636 1188 654 1231 4,
669 1182 735 1223 racc
753 1183 833 1232 Apccc.
845 1177 985 1235 8-10),quo

89 1243 175 1281 auctore
192 1243 249 1281 Petro
271 1243 364 1293 apostolo
385 1239 433 1299 (Act
451 1248 470 1290 3,
490 1240 584 1296 ree—21)
607 1248 688 1293 peecata
704 1243 827 1289 delerentur,
843 1242 932 1281 servitus
948 1243 985 1281 sol·

91 1305 180 1350 veretur,
198 1303 263 1342 omnia
279 1304 302 1343 in
319 1303 419 1355 integrum
435 1303 594 1343 restituerentur
611 1303 735 1354 eundemque
751 1303 832 1343 omnino
842 1306 985 1353 recuperarent

91 1359 222 1413 perfectionis
238 1366 322 1411 statum,
340 1378 397 1416 quem
414 1365 440 1404 ab
457 1364 517 1404 initio
532 1364 652 1412 habuerant,
669 1376 712 1403 cum
728 1364 781 1403 deus
803 1365 855 1404 sexto
878 1364 985 1404 creationis

87 1423 130 1471 die,
148 1427 255 1475 postquam
271 1425 373 1474 uniuersa,
389 1439 442 1476 quae
459 1426 564 1473 creaverat,
580 1425 654 1476 primis
669 1425 785 1465 hominibus
806 1425 895 1471 tradidit,
914 1428 985 1464 cuncta

91 1485 163 1533 „valde
179 1486 243 1525 bona“
259 1498 305 1527 esse
322 1486 430 1527 declaravit
447 1479 488 1541 (Gn
505 1494 523 1533 l,
540 1483 583 1542 31),
606 1498 655 1538 ergo
676 1487 736 1537 typus
753 1493 793 1528 τῶν
809 1489 886 1542 χρόνων
904 1483 984 1528 ἀποκα-

91 1549 210 1594 ταστάσεως
224 1549 312 1594 πάντων,
329 1549 444 1598 temporum
461 1547 596 1587 restitutionis
620 1546 712 1595 omnium,
734 1559 789 1598 quae
808 1549 852 1598 post
872 1547 985 1586 seeundum

87 1608 167 1648 omisit
183 1606 292 1647 adrentum
310 1612 375 1648 erunt.

156 1681 269 1731 Complures
287 1681 396 1732 opinantur
412 1694 491 1721 annum
506 1681 617 1721 iubilaeum
634 1676 693 1720 etiarn
708 1682 798 1732 quodam
818 1681 876 1721 modo
893 1683 985 1732 spectare

87 1741 117 1781 ¹ad
135 1755 211 1782 novum
226 1742 304 1789 foedus,
322 1742 347 1780 ad
362 1744 454 1795 tempore
470 1743 545 1794 gratiae
561 1742 658 1794 clangore
673 1742 732 1781 tubae
751 1742 877 1793 evangelicae
894 1744 985 1793 promul-

92 1802 167 1855 ganda,
185 1802 257 1853 quibus
274 1804 326 1842 deus
343 1816 420 1843 summa
436 1803 563 1855 benignitate
577 1804 698 1843 thesaurum
719 1816 768 1842 suae
785 1803 936 1843 benevolentiae
952 1804 985 1844 ho·
1027 1816 1028 1820 ¹

92 1864 183 1903 minibus
204 1864 266 1914 aperit
283 1864 328 1917 (Jes
346 1871 377 1913 61,
397 1861 462 1920 iss),
479 1877 523 1904 curn
543 1862 602 1903 vetus
625 1863 694 1903 foedus
715 1863 780 1903 fuerit
796 1865 873 1915 tempus
890 1864 985 1916 indigna-

87 1925 156 1964 tionis
173 1927 193 1964 et
209 1925 323 1964 sterilitatis
340 1922 374 1980 (ib.
392 1931 424 1974 54,
445 1932 463 1967 1.
482 1932 500 1967 7.
519 1920 557 1980 11).

157 2069 184 2113 V.
202 2066 253 2109 Cum
268 2066 361 2110 Hebraei
376 2068 412 2111 diu
427 2067 453 2110 in
469 2069 565 2125 Aegypto
582 2071 724 2119 versarentur,
741 2081 768 2110 ex
789 2068 931 2124 complurium
948 2067 986 2111 ho-

92 2139 178 2182 minnm
194 2139 327 2183 eruditorum
343 2140 444 2197 opinione
461 2141 539 2184 multas
553 2154 585 2183 res
603 2140 631 2183 ab
642 2140 750 2197 Aegyptiis
763 2135 895 2196 aeceperunt,
919 2139 986 2193 Quare

84 2212 214 2270 quaesitum
233 2216 269 2265 est,
292 2228 346 2256 num
367 2214 430 2258 etiarn
453 2228 535 2256 annum
553 2213 672 2257 iubilaeum
690 2213 738 2257 inde
751 2214 848 2272 ¹mutuati
863 2214 915 2259 sint.
948 2213 987 2257 Sed

92 2301 116 2329 eo
134 2286 182 2341 ipse
199 2286 314 2329 verisimile
330 2291 420 2331 nonest
436 2301 525 2343 prorsus
540 2287 631 2330 eandem
650 2301 693 2328 rem
709 2287 768 2344 apud
784 2286 900 2344 Aegyptios
916 2286 986 2340 fuisse,

84 2359 153 2415 -quod
169 2373 241 2402 eorum
256 2359 330 2402 forma
345 2359 475 2416 reipublicae
491 2360 517 2403 ab
528 2360 680 2406 Hebraeorum
689 2359 754 2404 nimis
767 2359 846 2403 diversa
856 2363 908 2404 erat,
931 2360 986 2403 Nam

92 2432 119 2474 ab
137 2431 292 2489 antiquissimis
309 2434 441 2489 temporibus
456 2433 515 2490 regia
525 2433 642 2476 utebantur
652 2434 768 2488 potestate
780 2447 847 2490 neque
857 2433 905 2490 pari
918 2432 986 2490 digni-

92 2507 137 2548 tate
155 2506 211 2548 inter
226 2521 247 2548 se
263 2521 339 2549 omnes
355 2509 420 2549 terrae
441 2506 524 2550 incolae
545 2510 614 2561 erant,
632 2505 668 2549 sed
687 2506 755 2549 maior
775 2506 909 2550 sacerdotum
930 2505 987 2549 rnili-

86 2583 184 2636 tumque
200 2578 279 2630 lroner;
298 2581 368 2635 neqrie
383 2580 406 2623 in
421 2579 469 2622 sola
486 2593 584 2636 agrorum
602 2580 686 2623 cultura
707 2579 780 2622 omnis
797 2579 839 2623 vila
857 2579 936 2637 posita,
953 2579 987 2622 sed

84 2652 177 2695 artibus
194 2652 328 2710 opificiisque
344 2653 462 2696 multorum
477 2653 546 2696 studia
562 2652 633 2696 dicata
649 2655 713 2700 erant.
739 2653 817 2709 Itaque
832 2654 883 2696 anni
899 2652 987 2696 iubilaei

93 2725 222 2771 institutum
236 2726 293 2783 apud
306 2726 423 2782 Aegyptios
434 2740 482 2769 non
492 2719 620 2777 invenimus
631 2726 746 2769 nonnullas
758 2729 831 2769 tamen
841 2727 915 2784 legum
926 2741 987 2784 agra-

92 2799 176 2843 riarum
187 2799 333 2843 Hebraeorum
344 2798 496 2843 similitudines
506 2798 660 2856 cognoscimus.
677 2799 740 2843 Velut
751 2800 800 2842 leco
812 2798 843 2842 Gn
853 2804 888 2851 47,
897 2804 953 2846 20-
960 2805 987 2847 2ss

84 2872 196 2915 doeemur·
207 2873 325 2931 Aegyptios
342 2887 423 2930 quoque
440 2887 546 2916 summam
562 2887 665 2929 agrorum
681 2874 810 2929 potestatem
825 2888 868 2916 non
879 2872 987 2926 babuisse,

93 2946 130 2989 sed
152 2961 188 2989 eos
207 2946 237 2989 ita
257 2946 422 2998 obtinuissent
445 2945 493 3001 ipsa
508 2948 563 2989 terra
580 2945 683 3006 [exceptis
698 2944 833 2994 sacerdotum
849 2946 916 3005 agris)
933 2947 988 3004 regis

84 3024 155 3072 esset,
172 3020 262 3075 populus
279 3022 352 3063 alutem
369 3035 414 3063 earn
430 3019 509 3076 quinta
519 3019 629 3063 fructuum
640 3022 699 3075 parte
709 3020 757 3077 regi
769 3018 819 3062 daea
829 3019 913 3063 coleret.
930 3019 988 3062 idem

93 3092 165 3136 illesas
181 3093 279 3146 instituit,
297 3096 446 3151 praeterquam
464 3093 521 3149 'quod
539 3108 584 3136 non
606 3107 650 3145 rex,
667 3092 700 3135 sed
716 3092 789 3136 Jahve
809 3093 862 3149 apud
879 3093 988 3136 Hebraeos

85 3166 195 3227 «dominus
211 3182 312 3224 agrorum
329 3170 365 3211 est.
386 3168 436 3211 Hins
453 3166 513 3209 modi
528 3181 575 3211 rere
593 3181 658 3224 agros
673 3181 760 3209 nonex
776 3166 886 3211 cuiuslibet
897 3166 988 3210 arbitrio
