2165 3388
99 97 145 141 398
400 93 445 129 Pars
458 93 472 129 l.
494 93 623 140 Antiquitates
636 105 698 131 sacrae

98 220 212 260 cerdotales
228 223 320 260 veterum
336 218 490 273 Aegyptiorum,
507 233 557 271 quas
577 221 737 273 hieroglyphicas
760 220 867 272 appellant,
884 232 942 261 nemo
964 221 995 260 di-

102 281 170 320 scebat
186 281 226 320 nisi
242 279 379 322 circumcisus.
401 281 443 320 Hoc
458 281 523 333 igitur
539 283 594 334 apud
610 295 646 322 nos
663 284 723 334 turpe
739 282 759 321 et
771 281 879 321 obscenum
890 282 992 330 iudicatis,

99 341 157 393 >quod
173 342 226 394 apud
242 354 278 381 vos
289 341 318 380 ita
328 341 412 382 honeste
424 343 511 382 habetur
522 345 542 383 et
552 357 655 395 magnum,
666 345 691 383 nt
702 342 819 383 caelestium
829 342 994 393 infernorumque

102 403 179 443 secreta-
194 401 277 442 nonnisi
293 416 329 454 per
345 403 485 443 huiuscemodi
500 404 589 457 insignia
605 402 639 460 (al.
655 405 711 447 lect:
728 400 795 458 initia)
816 404 923 443 enuntiare
938 404 994 444 vobis

99 476 161 515 posse
172 463 279 503 credatis“.
301 463 395 504 eonfcras
411 465 471 505 etiam
488 466 531 505 eius
548 466 601 507 hom.
616 472 633 507 5.
645 465 667 504 in
678 465 719 507 ιιι.
731 463 741 509 ἓ
755 469 788 506 14.
800 464 826 503 Ιιί).
840 470 873 512 13,
887 471 940 507 316:
957 472 994 507 τῶν

101 522 215 578 Αἰγυπτίων
226 521 319 572 εἰδώλοις
331 520 350 567 οἱ
360 522 419 582 ἱερεῖς
430 528 587 582 περιτέμνονται.
613 525 773 574 Ambrosius,
785 525 848 577 Epist.
859 526 885 566 Π.
897 526 952 567 οιιιι.
964 538 994 577 ep.

100 589 137 627 72.
153 582 164 629 ἕ
182 592 200 629 5.
217 585 275 625 MSL
294 592 327 636 16,
347 591 415 629 1245;
432 584 545 639 „Aegyptii
562 587 597 639 qui
613 589 633 626 et
649 586 771 638 geometriae
792 587 813 625 et
833 586 951 638 colligendis
971 586 995 625 si-

102 647 173 685 derum
190 646 283 686 cursibus
300 659 382 698 operam
398 648 509 688 intendunt
525 662 588 698 suam,
604 647 690 699 impium
706 647 797 688 iudicant
813 647 946 695 sacerdotem,
960 647 995 698 qui

100 720 230 757 nequaquam
246 707 319 747 habeat
336 708 492 749 circumcisionis
509 709 594 760 insigne.
616 707 668 747 Nam
683 721 750 760 neque
765 707 838 759 magici
854 708 948 748 carminis
965 720 994 747 sa-

101 767 205 819 pientiam,
226 781 264 808 nec
285 770 423 820 geometriam,
445 783 481 809 nec
502 770 642 810 astronomiam
664 768 755 809 iudicant
771 769 812 809 vim
832 781 890 809 suam
906 769 995 809 obtinere

102 829 145 868 sine
168 828 326 869 circumcisionis
348 802 458 882 signaciilo.
489 830 515 869 Et
536 830 580 870 idco
597 832 621 870 ut
636 829 759 880 impetrandi
777 825 816 869 vim
832 830 943 899 operationi
960 831 994 869 ad-

99 890 185 929 hibeant
201 903 256 941 suae,
277 892 421 943 purgationem
438 890 539 941 quandam
557 893 626 931 vatum
648 903 731 930 suorum
747 891 903 931 circumcisionis
924 903 994 931 cronno

102 951 242 991 celebrandam
256 952 393 992 existimanus
424 952 492 1003 Atque
503 951 527 991 de
538 951 672 1052 Aethiopibus
687 953 843 1003 Αιιιιιιιιιιι
860 953 912 1004 apud
923 952 995 993 ausen.

102 1013 173 1063 Praep.
195 1019 306 1065 evange,
330 1018 364 1054 27.
383 1012 446 1052 hlSd
468 1019 501 1060 21,
524 1018 566 1055 729
588 1014 642 1052 ιιιιι
631 1014 687 1052 ιιιιι.
709 1009 799 1055 Οίιτω
788 1014 809 1054 οὲ
825 1013 913 1062 τοιςι
888 1009 994 1062 Αιιιιοποις,

99 1074 176 1129 ιαιπερ
193 1072 252 1122 ὄντας
268 1074 309 1115 πολ
304 1074 384 1130 spicae,
401 1072 481 1129 στέρξαι
497 1074 530 1117 τὀν
546 1070 709 1122 diodonadem
724 1074 758 1116 acl
774 1075 810 1130 τιιν
831 1088 916 1145 πιριτοιι
916 1088 941 1131 ην
957 1081 994 1116 τῶν

102 1131 184 1176 αἰδοίων
201 1132 249 1191 παρ’
266 1131 344 1176 ἐκείνου
360 1135 446 1191 porbail·
454 1130 477 1176 od
495 1134 594 1191 μόνονδε
610 1136 731 1183 τοιτοιις,οι
717 1132 776 1177 dlld
791 1131 996 1189 ιαίίεριῖςᾶπαντας

99 1192 136 1251 (sc.
153 1191 281 1251 Aegyptios).

163 1281 337 1321 circumcisionem
354 1282 376 1321 in
392 1282 484 1333 Aegypto
501 1293 542 1321 non
557 1282 618 1333 vulgo
635 1279 762 1322 exercitatam
778 1293 821 1320 esse
837 1280 898 1320 etiam
914 1292 996 1332 corpora

99 1342 207 1393 medicata,
224 1356 276 1393 quae
293 1355 338 1381 cam
353 1355 394 1382 non
411 1342 511 1389 exhibent,
527 1343 630 1382 testantur
646 1338 678 1397 (A.
693 1342 871 1390 Wiedemann,
888 1341 995 1381 Beschnei-

103 1403 160 1455 dung
175 1403 204 1443 im
220 1404 276 1443 alten
287 1404 400 1455 Aegypten.
417 1403 470 1442 OrLz
481 1402 516 1451 VI,
527 1409 590 1452 1903,
603 1402 646 1455 99).
663 1403 691 1442 Ea
707 1405 775 1443 autem
791 1414 874 1453 corpora
890 1402 994 1449 medicata,

102 1477 154 1515 quae
175 1465 293 1504 circumcisa
314 1466 368 1514 sunt,
385 1464 452 1504 omnia
473 1465 600 1504 sacerdotnm
621 1466 669 1504 sunt
685 1464 715 1518 (R.
731 1464 927 1512 Reitzenstein,
943 1463 995 1502 Ζινοί

101 1525 355 1577 religionsgeschichtliche
370 1525 450 1577 Fragen
465 1525 516 1564 nach
537 1525 691 1577 ungedruchten
712 1525 849 1577 griechischen
865 1524 940 1564 Texten
960 1524 996 1562 der

101 1586 239 1638 ¹Strassburger
255 1585 372 1626 Bibliothek
389 1583 433 1642 45).
465 1586 494 1626 De
516 1586 674 1635 circumcisione,
697 1587 715 1626 si
735 1586 796 1637 vulgo
818 1584 895 1625 usitata
916 1584 994 1632 luisset,

100 1648 163 1687 etiam
179 1647 256 1687 multae
277 1647 324 1686 illae
344 1647 422 1698 papyri,
440 1660 491 1697 qnae
512 1647 536 1686 de
556 1647 617 1686 rebus
637 1647 742 1698 religionis
763 1648 784 1686 et
799 1645 908 1686 medicinae
924 1648 994 1697 agunt,

102 1708 226 1748 mentionem
241 1708 336 1748 facerent.
358 1708 450 1748 Ceterum
467 1708 639 1748 circumcisionem
655 1708 677 1747 in
687 1708 780 1760 Aegypto
796 1707 856 1759 vulgo
868 1706 995 1746 exercitatam

102 1781 145 1809 ense
161 1782 186 1808 ne
203 1782 227 1809 en
242 1768 365 1809 testimoniis
386 1768 470 1820 quidem
490 1770 622 1820 antiquorum
642 1768 769 1820 scriptorum,
786 1780 836 1818 quos
859 1781 921 1819 supra
941 1779 994 1806 com·

102 1831 264 1879 memoravimus,
282 1830 320 1870 dici
336 1831 404 1881 polest
421 1827 451 1885 (n
468 1829 591 1878 Schiirer,
610 1829 644 1869 GJ
650 1829 667 1869 V
682 1830 713 1880 14,
732 1825 789 1884 676),

165 1974 186 2017 2.
203 1970 337 2028 Quamquam
353 1986 379 2014 ex
395 1971 453 2028 ιιι(
444 1985 498 2029 quae
515 1970 613 2023 diximus,
631 1970 719 2013 dubium
736 1985 779 2013 esse
795 1984 840 2013 uon
855 1972 926 2026 potest
927 2002 931 2023 ,
943 1970 995 2027 quin

101 2044 236 2087 circumcisio
253 2043 365 2101 Aegyptiis
386 2045 440 2087 bene
460 2046 513 2087 nota
533 2044 640 2087 fueritet
619 2042 768 2100 eimprimis
788 2058 862 2089 eorum
878 2043 974 2086 sacerdo
966 2045 996 2086 es
1028 2038 1029 2045 ’

103 2117 221 2160 circumcisi
243 2116 362 2169 fua-inae
352 2119 425 2160 tannen
448 2118 522 2159 contra
545 2115 706 2173 opinionenil
690 2116 749 2158 illam
773 2116 880 2160 Hebraeos
902 2131 948 2159 eam
969 2117 995 2159 ab

100 2190 214 2248 Aegyptiis
230 2189 332 2246 recepisse
348 2189 468 2246 complures
484 2203 592 2232 sacrarum
607 2189 728 2232 litterarum
748 2189 873 2245 interpretes
896 2189 995 2232 clinerunt

103 2264 215 2321 variasque
231 2261 376 2306 dubitationes
393 2262 518 2308 attulerunt⁴
545 2262 602 2305 Nam
619 2277 644 2304 ex
661 2276 735 2306 eorum
750 2262 856 2305 sententia
871 2262 891 2305 ei
906 2262 936 2305 rei
951 2262 995 2319 pri-

103 2351 163 2378 mum
180 2335 279 2392 opposita
295 2337 326 2378 est
343 2334 510 2378 circumcisionis
526 2335 623 2378 inductio
639 2350 677 2391 per
693 2335 783 2388 Jahven,
800 2349 854 2392 quae
871 2334 904 2378 Gn
921 2338 995 2387 17,10

103 2413 163 2456 —13
180 2408 318 2460 describitur3
334 2409 391 2452 unde
406 2408 487 2451 factum
503 2423 547 2452 esse
564 2408 648 2461 dicitur,
664 2410 690 2450 ut
700 2409 745 2451 eius
755 2408 876 2452 observatio
888 2408 996 2451 Abraham

104 2484 125 2525 et
142 2482 243 2525 omuibus
259 2482 304 2525 eius
319 2482 411 2538 posteris
427 2481 487 2539 graui
502 2496 571 2537 poena
586 2480 697 2539 proposita
712 2481 810 2525 iniuncta
825 2481 854 2523 sit
869 2482 905 2541 (ib.
921 2481 996 2540 ι.14);

102 2555 174 2613 Atque
191 2554 257 2598 etiam
274 2553 395 2610 Stephanus
408 2556 449 2597 Act
461 2557 505 2605 ιδ
522 2553 574 2596 dicit
590 2552 652 2596 deum
669 2553 876 2598 Abrahamdedisse
892 2559 995 2615 διαιηιην

103 2641 216 2692 περιτομῆς
232 2628 245 2674 ί,
257 2641 274 2673 ι,
285 2641 331 2670 non
347 2628 433 2671 tantum
448 2627 519 2683 legem
535 2626 560 2670 de
576 2625 741 2679 circumcisione,
757 2626 780 2670 id
796 2627 853 2684 quod
868 2627 996 2671 vocabulum

103 2706 196 2763 διαιηιιη
213 2717 226 2745 a
242 2704 349 2761 διατίθημι
364 2715 530 2757 nonnumquam
546 2699 654 2757 significat
671 2699 871 2759 (utllOor3,14:
888 2703 901 2762 ἡ
917 2705 995 2747 παλαιὰ

101 2776 212 2837 διαιηιιη),
229 2774 265 2818 sed
281 2774 346 2817 etiarn
362 2774 431 2830 ipsam
442 2773 626 2818 circumcisionem
642 2787 730 2831 eamque
746 2775 770 2816 ut
785 2773 821 2810 cll<
837 2775 920 2831 cipriani
930 2776 995 2817 testa-

102 2848 171 2891 menti
187 2848 220 2892 vel
236 2847 339 2898 foedata
355 2847 411 2891 inest
427 2848 484 2891 enim
495 2846 633 2902 metonymia.
650 2846 732 2889 Deinde
743 2847 830 2889 obstant
841 2847 905 2890 verba
917 2846 996 2890 Christi

101 2921 131 2964 do
144 2925 163 2974 7,
177 2926 217 2969 22:
233 2922 327 2983 Μιιϋιῆς
344 2923 430 2966 δέδωκεν
446 2920 491 2981 ίιμῖν
508 2926 544 2981 rip
560 2927 670 2980 περιτομήν
687 2920 736 2981 (οὐχ
752 2921 782 2979 ’ότι
799 2921 823 2965 ἐι
839 2928 874 2965 τοῦ
890 2920 996 2970 Μιιϋσιως

103 2996 160 3047 ἐστιν,
177 2995 227 3040 cio?
243 2996 267 3040 ἐκ
283 3004 322 3039 τῶν
339 2994 437 3053 πατέρων)
454 2993 467 3036 ι.
484 3007 501 3039 ι,
517 3007 563 3036 non
579 2992 629 3049 quia
644 2991 715 3035 Moses
731 3007 778 3035 eam
793 2991 874 3048 primus
890 2992 996 3048 praecepit

104 3067 189 3124 eiusque
206 3065 384 3110 consuetudinem
400 3066 457 3123 apud
473 3066 580 3109 Hebraeos
595 3065 687 3117 induxit,
704 3065 741 3108 sed
761 3064 811 3122 quia
827 3064 870 3107 iam
886 3081 898 3108 a
913 3067 995 3122 tempo-

103 3140 162 3183 ribus
177 3139 349 3197 patriarcharum
366 3155 378 3182 a
394 3138 461 3184 Jahve
477 3139 606 3196 praescripta
623 3140 644 3182 et
659 3153 699 3181 usu
715 3141 797 3195 recepta
818 3139 868 3185 erat,
900 3138 954 3181 'lum
970 3153 996 3180 ex
