2107 3321
375 69 525 106 Tabernaeulum
538 69 616 106 foederis
872 41 873 44 Ἰ
910 75 940 117 [il
957 52 963 62 Ἰ

51 206 72 256 ἐξ
88 202 115 245 ὧν
131 198 142 243 t
159 201 236 256 λουτὴρ
253 197 423 256 δεδημιοὺργεται.
454 197 481 237 tf.
498 198 526 236 De
542 198 585 237 vita
600 197 660 237 llosis
674 198 688 238 l.
701 203 720 238 3.
731 210 777 248 opp.
787 196 813 244 ll,
828 193 884 252 156).
911 197 941 236 Ex

51 264 143 307 omnibus
159 260 201 300 fere
216 259 305 299 metallis
322 259 404 309 specula
420 258 469 298 olim
483 257 536 298 facta
552 269 595 297 esse
611 260 682 298 notum
698 260 719 298 et
735 258 790 309 apud
806 268 876 298 omnes
892 271 939 310 pcr-

50 325 156 378 vnlgatum
172 322 207 361 est.

110 382 208 424 Nonnulli
224 380 393 432 praepositionem
409 380 422 425 ἢ
437 379 490 419 idem
506 380 572 419 valere
588 379 706 419 existimant
721 379 777 431 quod
793 392 842 421 ostris.
874 380 939 427 Quare

50 449 78 489 ux
95 451 129 494 38,
147 449 158 487 8
181 443 276 484 vertunt:
297 439 367 490 „Fecit
386 441 467 481 labrum
487 451 621 483 aeneum...
643 453 686 480 cam
707 440 793 492 speculis
813 441 941 482 mulierum‘l

50 510 63 551 i,
78 521 94 548 e.
109 504 196 557 speculis
212 503 323 551 adornavit,
339 503 364 542 ut
380 501 491 541 sacerdotes
506 501 576 541 munia
591 513 647 541 sacra
663 502 760 542 obeuntes
776 514 797 541 se
813 502 835 542 in
851 502 939 552 speculis

50 567 184 609 intuerentur.
216 563 271 610 Quae
286 563 427 614 interpretatio
443 562 524 614 ingenio
540 561 622 612 quidem
641 562 737 612 abundat,
759 562 794 602 sed
810 576 821 602 a
837 563 939 610 communi

51 626 195 670 consuetudine
211 624 320 665 verborum
335 623 480 664 Hebraicorum
496 623 596 663 abhorret.

112 704 223 745 2Alterius
238 703 291 744 labri
307 703 332 742 ad
347 702 443 742 lavandas
459 713 528 741 carnes
538 702 667 741 victimarum
678 701 774 742 destinati
783 703 844 742 lloses
860 702 941 743 nullam⁴

49 767 173 809 mentionem
188 764 243 807 facit.

112 844 237 885 warentem
253 844 297 883 erat
309 843 431 884 vocabulum
447 842 468 881 iu
484 842 545 882 sacris
561 842 615 893 apud
631 842 731 882 Romanos
747 842 772 881 ad
788 842 939 894 significandam

49 908 137 961 ligneam
152 905 267 946 machinam
283 904 390 953 usitatum,
407 903 440 943 cui
456 904 563 943 simulacra
578 903 663 943 deorum
678 903 841 954 imponebantur.

109 1001 223 1045 Adroototio.
234 1023 264 1031 --
275 1002 328 1042 Sunt
343 1000 380 1053 qui
395 1001 510 1041 existiment
525 1001 609 1040 feminas
625 1000 734 1049 Hebraeas
751 1013 775 1040 ex
791 1013 877 1051 quarum
893 1013 939 1053 spe-

50 1065 99 1105 oulis
115 1064 196 1103 labrum
216 1075 300 1102 aeneum
320 1063 390 1102 fusum
410 1064 446 1111 est,
467 1061 558 1101 moribus
573 1061 678 1114 Aegyptiis
694 1063 783 1101 assuetas
805 1061 829 1101 ad
845 1063 938 1102 taberna-

50 1126 119 1166 culum
134 1123 226 1172 foederis,
242 1124 267 1163 ut
282 1125 342 1163 antea
357 1123 382 1163 ad
398 1122 556 1174 temptaminis,
573 1122 691 1162 catervatim
707 1124 728 1162 et
745 1122 833 1173 speculis
849 1123 938 1175 instruc-

49 1189 80 1226 tas
96 1184 216 1225 confluxisse
236 1185 298 1235 atque
314 1184 392 1224 Jahven
413 1183 484 1223 iisdem
500 1196 564 1234 paene
580 1183 711 1231 caerimoniis,
734 1183 807 1234 quibus
827 1184 875 1223 olim
891 1184 938 1223 deos

49 1246 166 1298 Aegyptios,
187 1244 278 1287 coluisse.
309 1246 341 1285 lta
359 1245 398 1284 iam
417 1244 436 1286 J.
453 1243 567 1296 Spencer
584 1241 624 1299 (op.
641 1237 674 1284 all.
693 1242 856 1301 loeo—1097),
878 1258 938 1295 quem

49 1307 103 1347 haud
119 1306 177 1358 pauci
193 1305 231 1346 viri
246 1305 302 1346 docti
317 1305 382 1346 secuti
397 1307 451 1346 sunt.

109 1366 166 1413 Quod
181 1368 203 1406 ut
218 1366 312 1418 probent,
334 1366 465 1418 Gyrillum
485 1365 553 1404 Alex.
576 1362 613 1422 (De
635 1366 710 1410 adorat.
731 1366 752 1405 in
775 1366 822 1418 spir.
839 1368 859 1405 et
879 1367 937 1407 verit.

49 1429 61 1467 l.
79 1435 98 1470 9.
114 1427 165 1467 lise
177 1433 211 1475 68,
230 1433 279 1469 629.
298 1424 350 1483 632)
366 1428 465 1474 afferunt,
488 1426 524 1478 qui
540 1426 584 1478 ipse
605 1426 627 1466 in
642 1427 735 1479 Aegypto
752 1427 833 1467 vivebat
849 1428 870 1467 et
885 1427 937 1467 anti-

49 1501 88 1540 qua
98 1489 246 1540 Aegyptiorum
262 1489 393 1528 monumenta
408 1488 450 1528 suis
467 1487 530 1528 oculis
546 1487 688 1539 conspiciebat.
711 1488 730 1527 Is
747 1488 800 1527 enim
816 1489 860 1529 loco
875 1489 939 1528 allato

48 1548 155 1589 memoriae
171 1549 240 1599 prodit
260 1549 322 1589 moris
342 1548 404 1589 tuisse
425 1548 546 1588 feminarum
562 1548 708 1600 Aegyptiarum
728 1548 832 1600 speculum
852 1562 937 1589 aeneum

49 1611 133 1660 gestare,
150 1622 196 1649 cum
211 1611 311 1660 templum
327 1609 419 1657 adirent;
439 1609 494 1660 quod
514 1608 599 1648 feminas
615 1609 716 1650 Hebraeas
737 1610 759 1649 in
775 1612 866 1662 Aegypto
882 1610 937 1650 idola

50 1670 136 1710 colentes
152 1670 242 1711 imitatas
258 1683 312 1719 esse3
334 1672 381 1722 post
401 1682 504 1722 egressum
526 1672 594 1710 autem
610 1683 634 1709 er
649 1671 742 1722 Aegypto
762 1670 799 1710 illa
814 1672 895 1723 specula
911 1672 936 1710 ad

48 1731 129 1769 labrum
151 1743 235 1770 aeneum
258 1731 403 1772 conficiendum
425 1731 539 1772 contulisse.
577 1731 632 1771 Idem
653 1731 800 1782 Procopius
821 1732 938 1772 (lenaeus

49 1786 131 1845 (Corum.
154 1792 176 1830 in
197 1791 232 1832 ux.
248 1792 300 1832 lllSG
324 1799 361 1841 et,
380 1790 432 1846 643)
459 1791 531 1831 tradit:
557 1791 682 1841 ,israelitae
696 1805 742 1831 cum
764 1794 894 1833 versarentur
914 1794 936 1832 in

48 1853 146 1902 Aegypto,
162 1852 270 1893 coluerunt
285 1852 345 1895 idola.
376 1852 407 1892 Ibi
424 1855 492 1893 autem
507 1852 602 1892 mulieres
619 1855 744 1893 consecratae
765 1854 785 1892 et
801 1853 877 1894 dicatae
893 1853 938 1893 ido-

48 1912 114 1950 lorum
124 1912 194 1952 ‘cultui
210 1914 354 1966 ingrediuntur
369 1913 392 1953 in
407 1914 508 1964 templum
519 1913 602 1953 amictae
618 1913 676 1954 lineis
692 1914 826 1955 vestimentis.
852 1915 937 1955 Dextera

49 1971 115 2020 sistro,
132 1972 216 2014 sinistra
231 1975 342 2015 ornabatur
358 1975 439 2024 speculo
455 1986 491 2025 pro
502 1987 557 2014 more
572 1974 656 2014 illarum
667 1974 822 2027 superstitionis.
843 1976 937 2016 Mulieres

48 2032 171 2073 Israeliticae
181 2034 279 2075 tenebant
290 2035 356 2076 adhuc
366 2034 461 2086 reliquias
478 2034 521 2074 eius
531 2034 634 2084 vanitatis,
651 2048 700 2086 quas
712 2036 831 2076 obtulerunt
845 2037 867 2076 in
883 2037 936 2077 aedi-

48 2091 115 2131 ficium
131 2091 277 2137 tabernaculi«.
309 2095 366 2142 cuod
382 2095 442 2135 etiam
458 2095 594 2136 monumentis
609 2096 716 2148 Aegyptiis
732 2096 866 2146 confirmatur,
882 2097 937 2137 unde

48 2153 184 2204 cognoscimus
206 2155 293 2208 siugulis
312 2156 394 2207 templis
414 2156 510 2196 mulieres
531 2170 554 2196 er
571 2157 663 2196 omnium
685 2157 761 2197 civium
776 2158 846 2198 ordine
862 2159 936 2198 electas

48 2213 157 2253 attributas
173 2214 242 2265 fuisse,
263 2230 315 2268 quae
331 2219 448 2257 cantatrices
469 2217 501 2257 rel
517 2218 602 2257 musicae
618 2217 776 2269 appellabantur.
804 2219 866 2260 Velut
882 2219 936 2271 apud

47 2275 70 2312 A.
86 2273 186 2324 limen,
203 2277 310 2329 Aegypten
326 2278 369 2318 und
384 2277 523 2331 aegyptisches
539 2278 606 2318 Leben
622 2279 650 2318 im
666 2279 768 2319 Altertum
780 2286 888 2330 3111400,
904 2280 934 2320 vi-

48 2333 94 2373 deas
109 2334 206 2387 imagines
222 2337 332 2378 mulierum
347 2339 500 2391 Aegyptiarum,
518 2352 570 2390 quae
586 2339 670 2380 sinistra
685 2340 788 2391 speculum
804 2341 936 2390 metallicum,

48 2393 128 2434 dextera
143 2396 224 2435 sistrum
240 2400 316 2439 tenent.

107 2456 134 2494 At
150 2457 262 2509 Aegyptiae
277 2460 324 2500 illae
338 2460 425 2500 feminae
440 2460 546 2501 ministrae
563 2461 652 2511 deorum,
669 2462 769 2513 imprimis
786 2462 850 2511 leidis,
872 2464 938 2503 erant.

48 2513 74 2553 Ut
88 2511 225 2572 ἱερομὺστιδες
241 2521 347 2571 speculum
362 2522 383 2561 et
399 2521 488 2570 sistrum,
505 2521 563 2574 signa
579 2535 697 2563 arcanorum
713 2536 822 2573 sacrorum,
843 2536 894 2574 quae
910 2524 936 2563 ad

46 2576 141 2615 naturam
160 2591 229 2618 rerum
249 2580 384 2630 pertinebant,
406 2582 518 2634 gestabant.
549 2582 596 2623 Tale
612 2584 724 2635 quidquam
743 2584 766 2623 in
782 2586 863 2636 specula
878 2584 935 2623 femi-

47 2646 124 2684 narum,
145 2650 195 2688 quae
214 2639 236 2678 in
256 2642 343 2682 sacrario
360 2643 446 2683 llcsaico
467 2642 587 2693 serviebant,
608 2657 649 2684 non
665 2645 761 2696 quadrat;
783 2659 806 2685 ea
821 2658 862 2685 non
877 2648 935 2684 erant

48 2694 105 2747 signa
121 2698 193 2747 cultus,
214 2700 249 2740 sed
269 2703 294 2741 ab
316 2702 356 2742 illis
372 2702 454 2744 feminis
471 2700 504 2760 (ut
519 2704 600 2745 inaures
617 2718 690 2746 aureae
705 2706 734 2745 Ex
751 2712 784 2753 32,
802 2703 824 2762 2)
840 2706 937 2747 vanitatis

47 2762 107 2795 censa
122 2759 245 2809 gerebantur
261 2764 281 2801 et
297 2763 329 2803 vel
345 2776 381 2803 sua
397 2766 469 2816 sponte
484 2765 517 2804 vel
531 2765 622 2818 impulsu
637 2766 698 2806 Masis
715 2766 740 2805 ad
755 2766 834 2807 labrum
850 2779 935 2807 aeneum

48 2815 194 2858 conficiendum
209 2821 256 2861 data
272 2825 326 2863 sunt.
358 2824 400 2871 Quo
412 2824 480 2865 minus
491 2825 558 2877 opinio
574 2826 659 2879 originis
674 2826 787 2879 Aegyptiae
802 2827 858 2867 illius
874 2827 934 2868 insti-

47 2876 87 2916 tuti
102 2877 223 2920 feminarum
240 2883 293 2933 apud
309 2884 417 2925 sacrarium
427 2885 503 2926 Jahvae
518 2886 654 2928 habitantium
671 2885 703 2945 (de
714 2900 754 2939 quo
771 2888 824 2928 infra
835 2888 936 2945 dicemus)

46 2937 162 2979 verisimilis
179 2942 215 2983 est.

106 3044 142 3089 II.
163 3044 193 3089 Ut
204 3046 383 3093 demonstraretur
394 3051 476 3106 llosen,
492 3068 541 3097 cunr
556 3053 641 3098 labrum
653 3068 742 3097 aeneum
752 3057 846 3111 poneret,
863 3070 937 3099 erem-

46 3110 105 3166 plum
127 3118 241 3173 gentilium
262 3124 358 3166 secutum
381 3139 433 3178 esse,
462 3125 543 3169 dictum
565 3129 596 3170 est
617 3126 673 3183 apud
694 3141 768 3170 omnes
794 3127 838 3172 fere
858 3132 937 3186 gentes

259 3213 267 3232 ,
321 3217 322 3223 .
