2147 3361
394 28 510 77 Tegimenta
523 31 592 79 cupitis
605 30 625 73 et
636 30 707 78 pedum
953 32 999 76 471

105 155 193 204 48137.
213 151 252 195 Esr
271 157 290 205 9,
307 153 338 213 3).
368 152 449 197 Radere
470 158 512 204 tutu
529 159 571 204 uta
593 154 696 211 rrrcpctlu'm
718 154 796 198 bertoo
815 151 828 198 i.
848 166 864 198 e.
885 150 955 194 crines
975 151 1001 194 in

105 225 168 269 malis
184 226 270 269 stante
289 240 348 269 aures
369 228 488 270 crescentes
509 227 663 287 (Baekenbert)
685 226 775 271 Hebraei
795 224 856 270 vetiti
875 225 938 267 erant
960 224 1000 280 (Lv

107 302 141 350 19,
159 302 197 350 27;
219 303 255 351 21,
271 300 299 355 5),
319 299 368 357 quia
383 298 405 342 id
421 298 515 343 tortasse
535 316 583 344 rnos
603 299 762 358 superstitiosus
784 297 871 342 alicuius
888 296 1001 341 ¹finitimae

106 371 177 429 gentis
193 373 242 418 erat.
270 371 324 425 Quia
335 373 440 430 aleproso
457 377 535 418 sanato
547 374 573 418 de
589 375 656 418 barba
672 373 827 418 observandum
843 372 876 426 sit,
893 371 926 415 111
938 375 1000 424 149

106 443 189 488 dicitur.

167 547 217 586 Cum
236 551 311 587 ceierae
329 549 399 600 gentes
415 547 502 588 orientis
518 547 599 601 tintiqui
615 548 699 588 barbam
715 547 775 587 decus
791 546 828 587 viri
845 545 1000 586 considerarent

105 620 190 659 eamque
211 608 304 657 celerent,
324 608 421 661 Aegyptii
435 609 521 649 barbam
537 621 579 649 non
596 608 749 660 premittebant,
770 607 804 647 sed
819 607 936 656 tondebant,
958 606 1001 647 nisi

105 669 128 708 iu
138 669 197 709 luctu
208 664 305 724 (Herod.
316 668 367 709 Hist.
379 676 398 718 2,
411 667 453 727 35).
481 670 551 710 Etiam
561 670 584 710 in
595 669 731 709 monumentis
748 668 791 708 sine
806 669 868 709 barba
884 669 999 720 apparent3

106 729 141 769 soli
164 730 240 783 captivi
260 730 339 769 barbati
360 731 414 770 sunt.
443 730 472 773 of.
490 731 522 771 Gn
539 737 575 779 41,
593 736 627 773 14.
658 730 681 770 A.
699 729 711 769 J
716 729 836 778 eremias,
858 729 898 769 Das
915 729 953 769 AT
970 728 1000 769 im

20 790 24 797 '
105 790 174 831 Lichte
191 791 225 830 des
241 790 296 830 A02
313 796 362 833 389.

168 864 246 910 Quanto
257 864 279 903 in
290 864 363 904 honore
374 866 394 903 et
404 865 470 916 pretio
488 864 551 905 etiam
566 876 622 904 nunc
638 863 693 916 apud
703 863 778 903 Arabes
794 864 826 903 est
841 863 917 903 barbae
929 863 999 912 decus,

105 925 145 964 iter
160 924 262 973 facientes,
279 924 314 977 qui
329 938 393 965 mores
410 926 503 966 Arabum
520 925 630 965 nomadum
647 923 770 972 describunt,
787 923 865 965 docent.

166 1043 267 1086 Mitiieres
278 1042 387 1092 Hebrueoc
402 1042 495 1100 capillos
505 1057 552 1087 non
562 1042 627 1086 modo
639 1041 752 1086 artificiose
763 1043 854 1099 crispare
870 1039 893 1101 (J
894 1056 916 1085 es
928 1046 948 1094 3,
961 1044 1001 1099 24)

105 1117 127 1159 et
142 1115 250 1173 eleganter
266 1115 289 1158 in
304 1115 381 1173 gradus
397 1115 493 1160 formare
510 1116 541 1177 [ll
556 1115 592 1173 ug
608 1120 629 1169 9,
646 1120 680 1164 30.
702 1115 757 1159 Jdtli
774 1119 807 1169 10,
823 1120 843 1163 3.
864 1114 910 1158 dos.
926 1114 963 1160 Β]
979 1118 1001 1169 4,

106 1189 186 1248 9-10),
208 1189 244 1232 sed
266 1189 329 1233 etiam
350 1189 415 1232 variis
437 1189 502 1233 rebus
524 1189 626 1245 pretiosis
648 1204 724 1232 ornare
746 1188 843 1232 solebant
851 1193 864 1235 ¹.
897 1188 1001 1233 Mulieres

104 1263 203 1320 lugentes
223 1262 290 1318 passis
309 1262 403 1305 crinibus
424 1261 557 1305 incedebant
573 1261 614 1314 (iii
630 1261 677 1305 lllcc
694 1266 713 1315 1,
729 1265 750 1309 9.
771 1261 796 1308 ci.
813 1262 842 1305 lc
857 1267 877 1315 i,
895 1263 941 1321 38),
968 1261 1001 1325 De

105 1348 166 1378 coma
181 1334 274 1391 pendula
290 1326 344 1394 tbi)
360 1335 483 1392 puellarum
503 1334 634 1378 rusticarum
655 1333 752 1378 conferas
769 1333 795 1378 Ot
810 1339 832 1387 7,
847 1340 867 1383 6,
899 1324 1001 1380 Pectines

105 1407 195 1451 crinales
210 1407 234 1451 in
249 1411 319 1452 vetere
334 1410 463 1451 testamento
480 1422 528 1451 non
544 1409 715 1453 memorantur2.

106 1526 107 1529 ¹
168 1509 264 1549 1Paulus
285 1509 387 1561 apostolus
406 1509 416 1548 i
432 1509 470 1549 Cor
489 1515 523 1558 11,
543 1515 568 1552 15
591 1508 652 1549 dicit:
674 1506 729 1566 Γυνὴ
745 1506 780 1551 ἐὰν
795 1516 856 1566 κομᾷ,
878 1508 928 1557 δόξα
945 1505 999 1565 αὐτῇ

105 1568 163 1613 ἐστίν.
194 1571 222 1610 At
242 1570 294 1609 idem
315 1570 324 1608 l
340 1570 383 1610 Tim
401 1576 420 1619 2,
439 1576 450 1611 9
472 1569 569 1609 mulieres
589 1572 663 1619 monet,
684 1572 708 1609 ut
728 1569 753 1609 ab
774 1574 846 1610 ornatu
866 1569 1000 1621 exquisitiore

105 1631 231 1676 abstineant:
248 1633 276 1688 μὴ
293 1628 313 1672 ἐν
328 1633 449 1688 πλέγμασιν.
476 1631 529 1670 Item
541 1631 613 1671 Petrus
625 1631 730 1681 apostolus
745 1631 801 1671 IPtr
814 1637 832 1679 3,
845 1637 857 1674 3
874 1631 1000 1671 mulieribus

105 1692 213 1732 artificiosa
233 1692 317 1731 crinium
338 1692 359 1732 in
379 1692 443 1731 nodos
466 1691 586 1731 collectione
607 1691 721 1732 interdicit:
743 1694 771 1750 μὴ
792 1691 843 1735 ἕστο)
859 1688 870 1733 ὁ
887 1690 1000 1751 ἐμπλοκῆς

106 1760 179 1810 τριχῶν
195 1755 280 1810 κόσμος.
748 1765 749 1768 ’

168 1849 312 1901 Quamquam
328 1862 393 1901 neque
407 1850 495 1899 pectinos
510 1861 578 1899 neque
594 1862 643 1889 acris
659 1846 803 1889 discriminatos
818 1849 840 1890 in
850 1851 919 1889 vetere
935 1851 1001 1890 testa-

104 1912 173 1951 mento
195 1912 382 1959 commemorantur,
404 1916 474 1949 tamen
494 1922 544 1949 usus
565 1910 671 1962 pectinum
686 1910 727 1949 iam
744 1910 891 1962 antiquissimis
908 1911 1000 1963 Aegypti

105 1972 242 2012 monumentis
259 1970 376 2020 ostenditur,
393 1973 417 2010 ut
433 1970 538 2010 Hebraeos
549 1983 632 2022 quoque
648 1984 695 2011 eum
710 1967 739 2013 ibi
756 1971 872 2024 cognovisse
888 1972 1001 2012 verisimile

105 2032 138 2072 sit.
169 2032 236 2072 Etiam
252 2032 369 2082 capillorum
385 2032 543 2071 ccreoiurcetrtces
559 2028 784 2088 (Haarkrauslerinnen)
796 2032 835 2072 iam
846 2032 1001 2084 antiquioribus

104 2093 230 2146 temporibus
246 2092 308 2132 fuisse
323 2092 424 2132 videntur.

167 2199 245 2243 contra
263 2197 346 2241 ardores
361 2198 413 2241 solis
424 2199 446 2240 et
456 2196 541 2254 frigora
550 2197 643 2241 Hebraei
659 2197 727 2254 primo
744 2201 807 2254 caput
823 2202 916 2242 extremo
932 2199 1001 2256 pallio

104 2272 252 2330 protegebant,
268 2273 341 2328 postea
351 2270 418 2313 linteo
430 2270 465 2314 rei
475 2284 550 2326 panno
568 2269 685 2329 cingebant
694 2278 708 2324 1,
724 2271 761 2329 qui
776 2271 886 2316 interiecto
902 2276 1001 2329 ternpore

103 2345 128 2388 in
143 2345 212 2388 erarius
228 2344 324 2387 mitras
345 2357 462 2387 conversus
478 2344 517 2385 est.
550 2342 698 2388 blemorantur
716 2346 737 2402 1)
754 2345 820 2394 11151111
836 2345 940 2405 (virorum
956 2344 1000 2389 Job

104 2422 140 2470 29,
157 2421 191 2465 14.
212 2417 324 2460 mulierum
343 2415 381 2459 des
402 2419 422 2468 3,
443 2418 479 2462 23.
501 2415 581 2458 sumini
602 2417 710 2473 pontificis
730 2416 783 2461 dach
803 2423 822 2469 3,
842 2421 862 2465 5.
883 2417 941 2474 regis
963 2417 1001 2461 Jes

104 2496 140 2543 62,
157 2495 170 2537 3
187 2489 251 2549 itere)
272 2489 285 2536 i,
301 2503 317 2531 e.
333 2488 415 2540 fasciae,
437 2501 493 2545 quae
510 2502 549 2543 pro
565 2503 626 2532 more
643 2489 778 2533 orientalium
794 2490 943 2547 antiquissimo
960 2505 1001 2533 ne-

103 2564 200 2621 minique
216 2563 292 2620 ignoto
309 2561 373 2619 capiti
389 2559 593 2604 circumvolvuntur
603 2563 626 2604 et
635 2561 660 2605 in
670 2562 762 2606 formam
775 2563 889 2606 rotundam
905 2563 1000 2606 eircum-

105 2636 217 2684 ducuntur,
249 2636 271 2688 2)
287 2640 346 2683 niusa
364 2633 511 2694 (sacerdotum
527 2633 559 2677 Ex
576 2639 612 2689 39,
624 2640 659 2683 28.
679 2635 707 2678 En
723 2639 803 2689 4418.
824 2636 898 2692 sponsi
913 2636 953 2679 des
965 2641 1001 2691 61,

104 2715 170 2757 3.10,
187 2709 299 2753 mulierum
315 2708 342 2756 ib.
354 2713 374 2762 3,
387 2708 425 2767 20)
442 2709 495 2750 sunt
512 2707 634 2753 diademata
650 2709 716 2766 capiti
731 2709 762 2752 ita
777 2709 871 2767 alligata,
887 2712 912 2752 ut
928 2709 1001 2753 forma

104 2785 217 2829 sublimior
225 2788 247 2828 et
254 2783 353 2840 fastigata
361 2782 480 2834 exsisteret,
490 2782 549 2839 quod
560 2796 586 2825 ex
596 2782 644 2826 loco
656 2782 687 2825 llx
698 2787 733 2834 39,
740 2787 768 2830 28
779 2786 871 2839 apparet,
882 2783 920 2826 ubi
931 2783 1001 2827 tiarae

104 2857 238 2902 sacerdotum
254 2859 337 2909 1111111111
353 2862 400 2906 “tite
416 2858 487 2900 tiarae
509 2857 571 2901 collis
591 2857 684 2901 formem
704 2857 804 2901 habentes
820 2858 833 2905 1,
849 2872 866 2902 e.
883 2857 1001 2916 fastigatae

104 2931 244 2988 appellantur.
272 2931 338 2985 Quem
354 2932 457 2974 ornatum
474 2930 551 2987 capitis
568 2931 625 2988 apud
641 2930 731 2974 feminas
746 2930 840 2973 Arabum
856 2932 923 2974 etiam
938 2946 1001 2974 nunc

103 3004 207 3056 usitatum
228 3020 272 3048 esse
291 3019 316 3047 ex
336 3002 456 3046 itinerariis
477 3005 543 3059 patet.
576 3003 598 3061 3)
615 2993 684 3051 451311
701 3001 738 3060 (ita
755 3007 789 3054 93,
807 3003 841 3062 15)
858 3016 885 3044 ex
900 3004 1001 3047 nonnul-

102 3076 175 3120 lorum
191 3077 292 3133 opinione
308 3079 358 3119 sunt
373 3076 442 3119 tiarae
457 3075 544 3131 prolixe
555 3091 568 3118 a
579 3079 640 3133 tergo
656 3075 771 3132 pendentes
787 3091 811 3119 ac
826 3076 927 3132 pretiosis
939 3077 1001 3121 celo-
