2218 3388
105 113 149 156 138
402 108 447 145 Pars
460 108 474 145 l.
496 108 632 155 Antiquitates
646 120 708 146 sacrae

106 237 191 275 iterum:
214 231 357 289 Ἀνυπόδητος
377 236 593 291 caclatascaelata
616 233 794 293 (lamblichus,
817 237 847 276 De
867 236 903 279 vit.
920 237 1005 290 Pythag.

105 304 141 339 89.
161 292 218 352 105).
241 296 347 347 Templum
362 297 437 337 Dianae
454 296 557 337 Cretensis
573 311 632 338 nemo
648 297 799 349 ingrediebatur
814 297 856 338 nisi
871 298 958 350 pedibus
974 298 1005 338 in-

105 358 165 398 tectis
182 353 314 413 (Solinus,
336 357 433 409 Polyhist.
453 354 494 413 11).
528 357 624 410 Virgines
641 359 729 398 Vestales
745 360 822 398 Romae
838 359 901 399 nudis
917 359 1004 412 pedibus

107 432 161 459 sacra
176 419 280 458 iaciebant
296 416 402 469 (Florus,
419 419 506 470 Epitom.
524 432 563 460 rer.
580 420 635 459 nom.
654 416 725 475 1‚13).
757 419 907 460 Germanorum
923 433 1004 473 quoque

104 479 220 520 :sacerdotes
237 480 367 536 γυμνόποδας
383 479 444 519 fuisse
459 480 525 519 tradit
542 481 641 528 Strabo,
658 480 701 523 Her.
717 493 784 533 geogr.
797 487 816 529 7,
832 488 850 524 l.
883 482 927 522 Huc
943 482 1005 521 etiam

107 554 162 581 sacra
177 539 311 592 nudipedalia
327 543 423 591 speciant,
439 540 517 581 festum
533 543 588 592 apud
600 542 689 589 Graecos,
700 541 804 592 Romanos,
822 542 871 582 alias
880 544 958 594 ¹gentes
967 556 1004 582 re-

103 603 193 654 ceptum,
211 614 252 653 quo
269 601 295 640 ad
311 600 393 641 deorum
409 615 467 652 opem
482 602 617 642 obtinendam
633 603 692 642 nudis
707 603 793 654 pedibus
814 603 909 643 incedere
925 606 1004 654 oporte·

107 664 142 704 bat
158 660 331 720 (Tertulliani.
352 663 456 714 Apologet.
472 675 487 703 c.
507 670 542 706 40.
574 664 603 703 De
620 663 700 704 ieiuniis
716 676 732 705 c.
750 670 783 706 16.
800 664 863 703 MSL
882 672 899 713 1,
912 669 967 713 4873
985 671 1003 714 2,

108 732 156 766 cic.
189 723 221 763 Ad
240 736 285 763 rem
306 723 329 764 cf,
349 725 452 767 Petron.
473 724 560 763 Arbit.
578 724 654 764 Satiric.
672 737 686 765 c.
704 725 797 766 41811,
819 725 882 768 Ital.
899 725 968 765 Punic.
986 732 1004 774 3,

106 783 151 841 ¹28).
182 786 252 835 Atque
269 783 331 824 etiam
346 797 399 824 nunc
420 784 474 837 apud
491 785 578 825 orientis
595 786 680 836 populos
700 785 827 843 nudipedes
845 786 870 826 ad
886 787 1004 839 religionem

106 847 211 897 pertinent
227 847 249 886 et
265 845 396 885 reverentiam
412 859 460 898 erga
475 859 555 885 numen
571 846 664 886 divinum
679 846 797 898 significant.

166 985 202 1030 II.
231 983 298 1027 Totus
319 984 388 1027 cultus
408 986 509 1027 exiemus
531 984 643 1027 ordinatur
663 999 687 1028 eo
704 983 799 1037 consilio,
821 987 848 1028 ut
863 983 962 1028 homines
978 985 1005 1043 ad

105 1058 141 1101 dei
160 1055 305 1101 reverentiam
325 1056 458 1109 inducantur,
481 1061 503 1101 et
525 1057 577 1114 quia
593 1072 618 1100 ea
633 1057 703 1101 minus
723 1061 853 1111 reverentur,
877 1072 931 1114 quae
947 1072 1005 1101 eom-

106 1132 181 1174 munia
196 1145 268 1188 neque
289 1146 301 1172 a
323 1130 395 1173 ceteris
415 1130 517 1174 distincta
537 1132 595 1182 sunt,
616 1146 654 1187 pro
671 1130 742 1174 divino
759 1131 819 1174 cultu
835 1130 924 1187 propria
939 1131 1005 1174 vesti-

105 1209 180 1248 menta
195 1203 305 1261 provideri
321 1203 417 1260 oportuit
425 1209 438 1249 ¹.

168 1296 266 1340 Alicuius
281 1297 386 1339 momenti
406 1297 449 1339 iam
472 1295 494 1339 id
510 1295 584 1352 ipsum
601 1300 638 1348 est,
661 1296 718 1354 quod
738 1297 801 1340 vestis
823 1295 957 1339 sacerdotum
979 1310 1005 1338 ex

105 1375 208 1428 quartuor
225 1370 299 1429 (restis
316 1369 393 1412 summi
408 1369 525 1413 sacerdonis
541 1384 568 1412 er
584 1369 618 1412 bis
634 1369 749 1429 rruaternis)
770 1369 870 1426 partibus
887 1369 1004 1415 constabat.

107 1443 214 1486 Numerus
238 1442 298 1486 enim
320 1442 467 1499 quaternarius
488 1445 515 1485 ut
537 1457 642 1485 numerus
663 1442 714 1486 caeli
729 1442 844 1501 regionum
865 1443 1005 1498 etquattuor

107 1516 183 1559 finium
194 1518 265 1559 terrae
276 1514 354 1558 dieitur
363 1530 463 1558 numerus
474 1515 559 1567 mundi,
571 1516 725 1571 procreationis
736 1515 775 1568 dei,
788 1518 809 1559 et
821 1530 872 1558 curn
882 1513 901 1557 is
912 1513 1005 1557 mundus

105 1589 187 1646 optime
203 1588 336 1646 compositus
352 1588 386 1640 su,
397 1589 500 1640 ordinem,
518 1588 709 1644 pulchritudinem,
719 1589 874 1646 perfectionem
890 1588 1004 1645 significat.

168 1679 320 1723 Sacerdotibus
336 1678 406 1722 officia
421 1693 481 1722 sacra
491 1679 639 1723 tractantibus
650 1679 776 1723 vestimenta
792 1680 858 1722 linteo
875 1678 1005 1736 praescripta

107 1756 173 1797 erant.
205 1752 264 1796 Nam
281 1752 339 1809 quod
354 1751 438 1794 laneum
454 1753 505 1801 erat,
523 1751 597 1794 minus
612 1766 690 1808 purum
701 1752 861 1796 existimabatur
871 1768 937 1809 quam
948 1753 1006 1810 quod

106 1826 198 1870 linteum
214 1827 280 1881 atque
296 1826 323 1867 ab
339 1824 432 1877 animali,
447 1824 505 1868 unde
521 1823 597 1875 uellus
613 1838 640 1867 ex
655 1838 698 1881 quo
713 1825 832 1882 tegimenta
848 1825 912 1869 lanea
926 1828 1005 1869 texun-

107 1902 148 1950 tur,
164 1898 281 1942 detonsum
302 1900 339 1950 est,
361 1897 441 1955 aliquid
461 1897 571 1940 immundi
591 1896 670 1940 habere
685 1897 800 1941 videbatur.
838 1898 871 1941 Ax
887 1899 1005 1942 nonnullo-

107 1988 155 2016 rum
171 1971 275 2029 opinione
291 1970 360 2014 Moses
375 1971 464 2014 fortasse
479 1971 547 2014 etiam
568 1969 615 2014 ideo
632 1969 699 2013 lintea
718 1971 847 2015 vestimenta
863 1971 1005 2028 praescripsit,

106 2046 166 2104 quod
181 2044 285 2088 facillime
307 2046 448 2102 purgarentur
470 2060 482 2087 a
505 2043 620 2101 sanguine,
643 2043 724 2100 quoin
745 2045 809 2087 sacris
825 2044 931 2088 faciendis
947 2044 1005 2088 haud

108 2134 155 2163 raro
171 2118 343 2161 maculabantur.
798 2115 800 2117 ’

169 2210 233 2254 Color
250 2209 316 2261 arcia,
334 2208 410 2265 quiin
426 2208 561 2253 vestimentis
578 2208 643 2251 sacris
654 2208 794 2264 praevalebat,
809 2223 858 2252 non
874 2208 946 2252 solum
957 2210 1005 2267 glo-

106 2284 161 2328 riam
177 2285 198 2326 et
218 2282 325 2328 bonorem
345 2282 456 2340 dignitatis
472 2281 617 2333 sacerdotalis,
638 2281 674 2324 sed
691 2282 753 2324 etiam
773 2282 893 2339 puritatem
909 2297 1005 2325 morum-

105 2373 148 2416 -que
163 2356 313 2414 integritatem
329 2356 476 2399 ministrorum
492 2369 605 2398 sacrorum
621 2354 733 2412 significat.
763 2354 845 2413 Angeli
861 2369 952 2412 quoque,
968 2356 1007 2413 qui

108 2429 243 2474 sacerdotum
264 2428 332 2472 instar
348 2443 434 2471 munere
450 2428 583 2472 internuntii
598 2427 655 2471 inter
676 2427 737 2471 deum
753 2432 774 2472 et
789 2428 892 2471 homines
908 2429 1005 2487 fungun-

108 2507 148 2555 aar,
167 2502 304 2546 vestimentis
319 2502 392 2545 linteis
407 2501 450 2545 sive
467 2501 566 2545 candidis
582 2500 654 2544 induti
670 2503 772 2558 apparent
787 2501 825 2562 (Aa
842 2505 864 2553 9,
876 2506 896 2549 2,
917 2507 953 2553 11,
972 2507 1006 2555 10,

106 2582 127 2625 12.
144 2581 183 2624 cs.
200 2575 238 2619 Dn
256 2579 380 2628 10,5;«12,
396 2580 436 2622 cs.
453 2575 475 2618 ll
490 2574 538 2618 blec
558 2579 591 2626 11,
604 2578 623 2621 8.
640 2574 673 2617 ln
688 2578 723 2627 28.
739 2579 758 2620 3.
779 2574 814 2618 illc
831 2578 868 2626 16,
885 2577 905 2621 5.
926 2573 1006 2628 «1020.

109 2655 143 2698 12.
159 2650 200 2693 Act
217 2654 290 2702 1,10;
308 2653 343 2700 11),
360 2653 394 2696 30.
410 2648 456 2705 Ape
473 2654 507 2700 15,
525 2648 549 2708 6)
566 2650 587 2691 et
603 2662 692 2705 sponsae
707 2649 758 2705 agni
774 2648 850 2691 datum
867 2649 906 2701 est,
921 2648 954 2695 ἵνα
970 2666 1005 2694 πε-

107 2727 216 2784 ριβάληται
233 2727 328 2781 βὺσσινον
345 2726 436 2782 λαμπρὸν
452 2727 556 2781 uudcpc'r.
577 2728 599 2768 rb
616 2727 656 2782 γὰρ
673 2726 762 2780 βὺσσινον
779 2726 805 2767 ccl
821 2725 952 2782 δικαιώματα
968 2732 1006 2768 τῶν

108 2797 169 2855 ἁγίων
185 2798 227 2843 ἐστὶ
244 2795 300 2856 (Apo
318 2799 352 2847 19,
368 2797 390 2854 8)
406 2795 419 2838 i.
436 2810 452 2841 e.
468 2794 521 2837 fides
543 2797 564 2838 et
580 2795 639 2838 bona
654 2809 717 2851 opera
737 2809 762 2838 er
777 2792 818 2837 fide
836 2794 941 2850 coniecta,
958 2794 1005 2851 qui-

108 2870 147 2912 bus
163 2869 196 2912 dei
217 2868 288 2926 gratia
308 2868 419 2912 iustificati
439 2871 490 2912 sunt
505 2869 578 2911 saneti
594 2868 628 2929 (cf.
645 2868 690 2924 Apc
705 2872 724 2921 3,
736 2872 750 2915 4
761 2883 780 2919 ε’,
798 2867 904 2928 7‚14s.).
936 2867 1007 2925 Atque

105 2943 131 2985 in
146 2941 341 3000 transfiguratione
358 2941 436 2985 Christi
456 2943 586 2985 vestimenta
607 2941 652 2984 eius
668 2941 815 2984 describuntur
835 2939 950 2997 splendida
966 2940 1007 3000 (Mt

109 3021 143 3073 17,
155 3021 174 3064 2.
190 3016 220 3059 Le
237 3016 314 3074 1129).
346 3015 457 3058 Praeterea
473 3014 563 3058 ecclesia
579 3028 665 3072 quoque
681 3008 773 3058 colorem
783 3014 864 3076 album
880 3016 906 3057 ut
921 3014 1007 3068 symbo-

106 3089 154 3132 lum
169 3087 304 3146 integritatis
326 3088 413 3131 moralis
435 3087 527 3138 indicat3
551 3102 603 3130 narn
619 3101 657 3143 per
673 3087 807 3139 sacerdotem,
831 3102 881 3130 cum
899 3085 1006 3143 baptizato

108 3164 187 3206 restem
203 3160 319 3206 candidam
335 3160 432 3218 porrigit,
448 3160 510 3204 dicit:
541 3160 633 3217 „Accipe
649 3162 728 3204 restem
743 3160 862 3212 candidam,
885 3175 950 3217 [luam
965 3159 1007 3203 irn-
