2165 3388
120 88 165 133 276
417 82 463 119 Pars
476 83 490 119 l.
511 82 641 129 Antiquitates
654 93 717 120 sacrae
770 72 771 75 Ἰ

119 211 142 250 11
158 206 362 266 Gemarasoribitur)
378 210 485 251 recedebat
501 205 562 261 atque
578 210 664 262 singulis
675 209 747 250 diebus
764 210 883 261 sanguinem
898 210 1012 251 holocausti

120 272 225 312 cottidiani
243 272 354 324 spargebat,
372 272 464 312 suffitum
480 272 578 319 adolebat,
595 271 698 323 lampades
716 271 831 311 candelabri
847 271 904 311 aurei
920 271 1013 323 aptabat.

119 334 144 372 ut
160 346 181 373 se
198 332 263 372 cultui
283 344 337 372 sacro
359 332 499 373 assuefaceret.
530 332 597 373 Tertio
613 334 634 373 et
651 333 736 383 septimo
753 332 785 372 die
806 345 858 383 aqna
878 332 1010 373 lustraliad-

119 394 256 446 spergebatur
289 393 380 447 Seniores
401 393 492 445 synedrii
512 406 577 434 sacras
595 393 675 433 'litteras
696 394 714 432 ei
734 393 847 433 recitabant
866 395 887 434 et
904 394 957 433 ritus
973 393 1015 433 diei

120 455 240 507 expiationis
256 454 449 505 interpretabantur.
476 454 590 495 tradebant
601 467 681 505 quoque
691 454 807 507 pontificem
818 453 930 494 senioribus
947 466 1014 494 saeer-¹

120 514 197 563 dotum,
214 516 250 566 qui
266 529 313 555 eum
329 516 351 555 in
362 516 455 556 conclave
466 516 552 556 Abtinas
570 512 648 571 (natans
660 514 703 570 ¹7³³)
721 515 821 555 ducebant
836 514 907 566 ibique
923 516 1011 555 obtesta-

119 575 202 626 bantur,
215 589 243 616 16
254 571 319 616 sacras
331 576 434 616 sollemnis
446 576 564 628 expiationis
576 576 706 616 caerimonias
720 577 860 616 commutarat.
887 576 933 627 Ipsa
944 577 1013 615 autem

119 640 178 678 10616
194 636 266 684 deoimi
282 637 322 676 diei
342 638 433 688 pontifex
453 651 512 689 parce
532 651 601 677 cenare
617 637 703 677 debebat
718 639 739 677 et
754 651 766 676 a
782 636 831 676 cibis
843 636 950 678 Jibidinem
965 636 1011 676 irri-

119 699 212 739 tantibus
231 699 337 748 abstinere,
358 711 383 738 ne
399 699 422 738 in
437 711 530 739 somnam
549 698 653 747 incideret,
675 711 735 749 quem
751 697 865 738 sacerdotes
881 698 969 738 iuniores
986 699 1014 738 ab

120 773 142 800 co
163 760 263 807 arcebant,
284 773 334 800 neve
355 760 488 811 pollueretur.
520 759 658 799 Talmudistae
677 759 737 799 Pirke
757 759 818 798 aboth
836 766 854 807 5,
873 766 884 802 5
906 758 1014 798 memoriae·

119 822 219 872 produnt:
236 821 322 869 „Decem
338 822 395 873 sigua
411 821 453 861 sive
469 820 564 860 miracula
580 820 633 860 facta
649 821 697 860 sunt
712 820 806 871 qaatribus
823 820 898 860 nostris
914 820 935 858 in
951 820 1017 859 domo

120 882 279 922 sanctuarii...
311 881 357 921 Non
378 881 450 921 accidit
470 894 527 921 casus
547 883 659 921 nocturnus
680 880 779 921 sacerdoti
800 893 873 933 magno
890 880 1013 931 1116611616-

119 941 201 985 tionisf‘.
230 938 410 983 clamasos.
427 942 462 981 11
481 950 513 991 11,
532 949 550 984 o.
569 949 587 984 a.

183 1052 254 1099 ³auia
276 1053 307 1092 bio
324 1053 366 1092 dies
387 1065 428 1093 non
448 1054 491 1092 erat
509 1053 584 1093 festum
599 1047 693 1101 laetitiae,
714 1052 747 1092 sed
764 1052 806 1092 dies
823 1054 924 1100 maeroris,
941 1052 1014 1104 paeni-

119 1113 338 1167 tentiae‚afliictionis‚
355 1127 394 1164 quo
405 1114 533 1154 vestimentis
550 1113 660 1164 splendidis
675 1125 731 1153 saera
746 1112 810 1153 facere
827 1114 916 1153 alienum
932 1113 1009 1156 fuisset

182 1223 340 1265 4’161111111161616
359 1225 469 1266 ,momoriae
489 1225 574 1264 tradunt
594 1224 709 1276 pontificem
726 1227 797 1275 quater
814 1224 1011 1270 sanctissimumin·

119 1288 210 1337 gr'essuna
227 1297 280 1324 esse:
298 1285 323 1324 ad
334 1285 427 1325 suffitum
444 1286 577 1334 adolendum
594 1285 618 1323 ad
630 1286 767 1337 spargendum
784 1288 903 1338 sanguinem
919 1286 1009 1335 iuvenci3

119 1346 145 1385 ad
156 1341 293 1398 spargendum
308 1346 428 1398 sanguinem
445 1346 507 1394 hirei3
523 1346 603 1396 vesperi
618 1347 643 1385 ad
659 1347 804 1397 exportandum
819 1347 939 1395 turibulum,
956 1348 1012 1398 quod

118 1407 288 1462 11111611616101.1
313 1407 387 1447 Contra
402 1421 463 1458 quam
479 1407 609 1447 traditionem
625 1407 687 1447 rerba
703 1407 757 1447 Hebr
775 1414 792 1454 9,
810 1412 833 1449 l:
851 1405 905 1456 ἅπαξ
921 1414 956 1451 rob
972 1406 1012 1451 tra-

119 1474 181 1511 αυτοῦ
198 1471 219 1508 61
230 1469 344 1519 praecepta.
362 1481 413 1518 quae
429 1469 458 1508 Ex
468 1470 505 1516 30,
519 1476 545 1510 10
558 1471 578 1508 61
588 1469 617 1507 LV
630 1476 663 1516 16,
676 1474 703 1510 34
719 1468 812 1519 legimus,
829 1482 868 1508 non
884 1471 1014 1522 repugnantia

119 1542 164 1568 nam
181 1528 207 1567 iis
223 1528 278 1568 locis.
289 1529 341 1568 nibil
357 1529 413 1569 aliud
429 1529 506 1569 dicitur
521 1529 561 1569 nisi
578 1529 668 1580 pontifici
684 1529 794 1580 quotannis
815 1542 856 1568 uno
872 1530 904 1569 die
923 1530 1008 1570 'sanetis-

119 1589 193 1629 simum
207 1589 289 1642 ingredi
304 1590 385 1630 licuisse
402 1587 434 1646 (cf.
446 1588 500 1638 ἅπαξ
511 1586 556 1632 κατ’
568 1588 656 1633 ἐνιαυτόν
672 1589 702 1628 Ill
713 1591 755 1629 alce
768 1597 786 1638 1,
801 1598 833 1633 11.
850 1588 905 1639 ἅπαξ
916 1587 941 1632 δι’
952 1591 1013 1640 's'cooa¹

71 1696 72 1699 Ἴ
119 1650 184 1691 Phil.
196 1651 224 1690 De
235 1651 336 1693 monarch.
347 1652 360 1693 l
373 1657 391 1692 2Ι
403 1665 448 1702 opp.
459 1652 485 1699 ΙΙ,
498 1657 547 1693 223.
565 1648 618 1699 ἅπαξ
630 1656 666 1694 τοῦ
677 1648 768 1694 ἐνιαυτοῦ
779 1651 808 1690 De
818 1651 910 1692 virtutib.
921 1651 947 1693 ib.
960 1659 1013 1695 591..

119 1708 173 1760 ἅπαξ
183 1708 230 1754 κατ’
242 1709 331 1755 ἐνιαυτόν
342 1712 355 1751 J
361 1724 393 1752 os.
404 1712 439 1752 Β]
451 1720 470 1762 5,
480 1719 525 1756 61.
536 1712 586 1744 ΠἏΨἎ
599 1712 641 1744 Mb*
655 1707 695 1743 ΕΜ
708 1712 727 1744 7³
741 1712 782 1744 ΝΣ)
794 1711 870 1754 Hieros.
881 1712 941 1753 Joma
952 1711 1014 1768 43³).

118 1772 175 1813 Falso
196 1772 261 1825 igitur
281 1785 315 1811 rex
330 1773 421 1825 Agrippa
441 1773 463 1813 in
479 1773 566 1824 epistula
581 1773 606 1812 ad
621 1772 762 1824 imperatorem
779 1771 849 1813 Caium
865 1771 928 1827 (apud
943 1774 1008 1814 Phil.

119 1847 163 1886 opp.
179 1833 205 1881 ΙΙ,
228 1831 279 1890 591)
300 1833 349 1873 dicit
370 1834 486 1885 pontificem
509 1834 570 1874 semel
591 1833 699 1885 quotannis
722 1834 874 1874 sanctissimum
895 1834 1012 1886 ingressum

118 1906 166 1942 esse,
183 1896 204 1934 et
216 1895 233 1934 si
244 1894 312 1934 eodem
330 1895 362 1935 die
377 1897 409 1935 ter
420 1897 515 1946 quaterve
531 1895 636 1947 ingressus
652 1897 711 1943 esset,
727 1898 814 1935 mortem
829 1896 931 1935 meruisse.
952 1896 1012 1936 ldem

118 1952 170 2010 (loco
186 1951 255 2010 allato)
275 1955 327 1995 falso
348 1956 452 1996 contendit
473 1956 589 2007 pontificem
609 1957 689 2003 tantum
707 1956 732 1995 ad
753 1956 823 1995 odores
839 1956 972 1996 incendendos
988 1960 1015 1998 ea

118 2029 186 2067 preces
206 2016 320 2056 fundendas
340 2017 362 2055 in
382 2017 532 2057 sanctissimum
553 2017 646 2065 intrasse,
668 2029 714 2056 oum
734 2016 822 2068 expiatio
843 2019 971 2067 peccatorum
988 2021 1008 2059 61

118 2078 195 2128 sparsio
207 2077 312 2129 sanguinis
323 2077 403 2118 invenci
415 2080 435 2117 et
446 2078 496 2117 hirci
506 2078 572 2129 prima
583 2089 642 2116 causa
652 2078 713 2117 baius
725 2078 822 2117 introitus
834 2078 900 2125 fuerit,
913 2078 1013 2119 odoribus.

118 2141 185 2178 autern
201 2139 288 2178 incensis
303 2138 422 2190 gravissima
437 2138 474 2178 illa
490 2139 541 2178 actio
558 2138 617 2188 quasi
632 2140 751 2190 praeparata
761 2140 788 2178 ’61
803 2138 895 2178 incohata
911 2139 942 2180 sit.

180 2241 257 2281 5Dum
278 2241 368 2292 pontifex
384 2241 405 2281 in
425 2242 538 2281 sanctuario
559 2243 580 2282 et
600 2241 724 2282 sanctissimo
745 2242 868 2290 versabatur,
889 2243 965 2282 nemini
985 2243 1011 2282 in·

116 2303 245 2342 tabernaculo
267 2303 336 2342 adesse
356 2302 430 2342 licebat
450 2299 488 2359 (ΙΝ
506 2310 539 2351 16,
557 2298 600 2358 17).
631 2302 706 2343 Philo
727 2298 764 2357 (De
785 2315 848 2343 somn.
864 2303 877 2342 l.
895 2309 913 2344 2.
930 2316 974 2356 opp.
990 2305 1011 2352 1,,

118 2369 160 2405 663
172 2360 195 2419 s)
211 2376 252 2403 non
267 2364 347 2403 dubitat
362 2363 454 2415 pontifici
470 2364 492 2402 in
508 2363 632 2403 sanctissimo
644 2363 776 2403 commoranti
786 2364 872 2403 mediam
883 2364 937 2402 inter
947 2365 1007 2404 deum

117 2425 137 2463 et
153 2424 244 2465 homines
261 2425 380 2477 dignitatem
395 2425 491 2464 tribuere.
522 2424 596 2464 Verum
612 2425 665 2464 male
685 2424 706 2463 id
722 2424 828 2464 confirmat
843 2426 910 2465 verbis
926 2425 955 2465 Lv
973 2432 1011 2475 16,

118 2491 157 2535 11,
172 2485 215 2525 -ubi
235 2486 332 2536 scriptum
354 2485 391 2525 sit:
410 2481 476 2529 Ὅταν
497 2482 548 2541 εἰσίῃ
569 2482 598 2533 εἰς
618 2487 643 2526 ad.
664 2482 712 2538 ἅγια
733 2492 774 2527 τῶν,
788 2482 849 2539 ἁγίων
866 2481 877 2526 ὁ
894 2483 1012 2542 ἀρχιερεύς,

116 2543 228 2602 ἄνθρωπος
245 2543 282 2588 oda
297 2545 359 2590 ἔσται,
390 2546 462 2597 Neque
482 2546 581 2586 enim-ita
596 2546 677 2597 legitur,
694 2546 745 2600 sedi
760 2546 848 2595 „llullus'
864 2549 933 2586 autem
948 2548 1006 2587 homo

116 2608 143 2646 sit
159 2608 181 2647 in
196 2607 327 2646 tabernaculo
344 2610 460 2656 conventus,
477 2620 522 2647 cum
539 2607 574 2646 ille
591 2602 697 2661 (pontifex)
714 2607 862 2658 ingredietur‘t
894 2607 955 2647 LXX:
971 2610 1005 2649 nal

115 2675 156 2717 πᾶς
172 2667 284 2724 ἄνθρωπος
301 2664 338 2710 oba
354 2667 409 2710 ἔσται
426 2666 446 2709 ἐν
463 2675 488 2724 τῇ
500 2674 565 2724 σκηνῇ
583 2673 618 2710 τοῦ
634 2669 745 2724 μαρτυρίου
761 2664 928 2724 εἶσπυρευομένου
944 2665 1011 2711 abaco·

115 2725 251 2787 (ἀρχιερέως).

179 2833 312 2873 ⁶Secandum
329 2833 460 2873 traditionem
476 2833 583 2873 Judaioam
598 2834 697 2884 particula
713 2834 809 2881 coccinea,
826 2834 887 2884 longa
897 2835 917 2872 ct
929 2834 971 2873 lata
982 2836 1005 2872 ut

114 2895 185 2947 lingua
206 2892 277 2951 (quare
298 2894 358 2933 Joma
375 2901 395 2943 6,
412 2901 423 2936 6
441 2895 502 2944 etiam
522 2881 565 2940 llll}³
586 2895 653 2946 liapao
674 2891 767 2949 vocatur)
789 2894 844 2934 inter
860 2906 934 2940 cornua
953 2894 1004 2933 birci

115 2956 136 2994 in
147 2956 249 2995 desertum
265 2955 385 2995 dimittendi
396 2956 417 2994 et
427 2956 449 2995 in
459 2957 520 2995 ianua
536 2955 626 3006 porticus
642 2956 716 3006 templi.
729 2956 777 3006 poni
794 2955 879 3002 solebat3
896 2968 919 2993 ca
930 2957 946 2995 si
958 2959 1005 3006 post

114 3017 192 3056 bircam
209 3017 305 3056 emissum
322 3017 439 3063 albescebat,
455 3017 537 3068 signnm
553 3018 596 3055 erat
611 3018 737 3066 peccatorum
754 3016 895 3055 remissorum:
917 3016 938 3055 id
954 3030 1003 3066 qua-

113 3078 210 3129 draginta
225 3079 283 3118 annis
300 3079 346 3117 ante
362 3077 434 3128 templi
451 3077 595 3118 desolationem
612 3077 684 3116 desiise
700 3077 766 3117 fertur
782 3072 814 3132 (of.
831 3076 855 3115 Μ,
873 3077 931 3116 doma
948 3084 965 3125 6,
985 3082 1008 3118 6,.

113 3139 183 3191 Babyl.
199 3138 264 3178 Roseh
280 3139 378 3178 hasobaua
395 3142 438 3181 31a
454 3140 475 3178 61
491 3138 548 3178 dorna
566 3135 624 3192 67²²).
656 3138 719 3178 Erant
738 3138 860 3188 interpretes
881 3137 917 3188 qui
938 3137 1010 3177 verbis-
