2147 3361
478 74 621 112 Matrimonium
954 76 999 122 555

165 200 174 227 1
190 200 219 240 De
236 213 276 251 quo
292 199 437 252 impedimento
454 202 595 254 progrediente
611 203 702 255 tempore
717 202 815 242 laxiorem
832 199 1000 241 consuetudinem

101 262 212 305 invaluisse
233 260 316 312 quidam
337 275 360 301 en
376 261 397 301 ΙΙ
412 262 446 301 Sm
464 267 497 309 13,
516 270 566 306 126.
583 263 702 304 concludere
717 265 796 306 661661.
823 262 999 313 1116666166

102 324 133 366 Α]
150 329 169 372 t,
187 328 207 365 8.
225 328 235 363 1
258 322 284 361 ad
304 322 323 362 h.
340 324 353 365 l.
370 321 421 363 dicit
435 322 521 363 Thamar
541 324 562 364 id
582 326 662 365 tantum
684 324 753 377 egisse,
775 327 799 364 ut
820 324 911 375 impuros
932 322 1002 362 fratris

102 386 135 427 sui
150 385 235 424 conatus
252 383 321 423 oblata
337 383 419 424 conubii
441 396 476 435 spe
492 384 588 429 eluderet.
615 386 688 426 Contra
703 385 758 436 apud
773 385 887 438 Aegyptios
904 383 1001 434 antiquos

101 444 255 487 matrimonium
271 444 342 485 fratris
358 446 379 485 et
394 445 468 485 sororis
479 446 621 486 creberrimum
638 446 699 486 161666
715 446 797 486 videtur
813 449 875 498 atque
891 446 914 486 16
929 457 1000 485 66666

102 506 227 548 carminibus
249 505 353 546 amatoriis
375 508 465 546 amantes
486 507 531 555 „mi
548 507 628 556 frater“,
649 520 708 557 „mea
724 510 793 547 soror“
814 506 912 560 appellari
934 507 1001 546 661661

103 566 135 625 (Α,
150 567 255 615 Erman,
274 566 380 619 Aegypton
396 567 439 607 und
455 568 595 620 aegyptisches
608 568 675 608 Leben
690 568 718 607 im
735 568 838 608 arratum
856 563 937 623 2216).

163 641 203 682 Th.
214 638 334 680 Nb'ldeke
350 638 429 697 (ZDMG
439 640 478 688 XL,
492 647 555 690 1886,
570 638 637 698 1501)
654 641 749 693 opinatur
763 642 785 681 in
799 640 935 682 matrimoniis
945 640 1000 682 veti-

102 705 128 744 tis
135 701 255 742 testamenti
262 702 338 741 ueteris
348 702 409 742 initio
420 702 482 742 solam
490 714 579 743 sororem
590 702 680 743 eiusdem
687 702 751 753 patris
758 701 883 742 nominatam
893 715 940 752 esse,
952 715 999 742 cum

102 776 184 804 6666666
205 775 247 803 666
269 765 323 803 esset
339 762 414 803 diserte
431 764 496 803 dicere
516 777 557 803 non
572 764 633 803 licere
649 775 737 803 sororem
753 763 845 803 eiusdem
860 763 932 803 matris
949 774 998 802 uxo-

102 839 146 865 rem
161 824 235 864 ducere
251 826 272 864 et
287 824 398 875 posteriore
414 825 496 864 demum
512 826 608 875 tempore,
625 837 671 864 curn
687 824 723 863 illa
733 823 837 864 distinctio
853 824 893 864 iam
908 836 950 863 666
966 824 998 863 16-

102 886 241 937 161166616166,
259 898 348 925 sororem
365 886 454 925 eiusdem
470 885 541 925 matris
558 885 648 925 additam
664 897 713 925 esse.

166 959 174 985 ²
190 960 245 998 Ante
261 959 327 1011 legem
338 959 405 998 datam
421 957 503 998 tinuisse
518 959 600 998 amitam
615 954 676 1014 (ΠἾΊἺ,
693 971 754 1009 quam
765 957 836 998 Graeci
851 957 997 1014 6666616166

103 1015 215 1075 appellant)
236 1032 320 1060 uxorem
340 1020 412 1059 ducere
433 1032 457 1058 ex
472 1019 501 1059 Ex
518 1026 537 1067 6,
555 1025 582 1061 20
600 1021 684 1059 constat.
712 1019 759 1058 Tale
774 1018 929 1058 matrimonium
945 1018 1000 1069 quod

103 1083 173 1133 postea
188 1080 278 1120 vetitum
294 1082 343 1128 erat,
366 1093 389 1121 66
405 1080 475 1120 Graeci
491 1079 620 1120 Alexandrini
636 1080 718 1120 adducti
735 1092 778 1120 esse
793 1079 895 1128 uidentur,
916 1081 940 1119 ut
957 1080 999 1118 loco

103 1143 163 1183 allato
174 1141 300 1181 Hebraicum
316 1137 365 1188 init*
380 1141 446 1181 verbis
463 1142 569 1197 θυγατέρα
584 1146 618 1183 τοῦ
630 1138 721 1197 ἀδελφοῦ
738 1143 860 1196 τοῦπατρὸς
876 1137 939 1183 abacti
954 1141 1000 1179 red-

103 1203 179 1243 derent.
202 1202 292 1254 Vulgata
307 1215 389 1254 quoque
404 1202 530 1252 „patruelem
547 1204 619 1241 sriain‘L
634 1201 703 1242 vert't.

164 1299 185 1355 6)
201 1295 259 1339 inter
275 1294 394 1352 61666616
411 1295 480 1351 gradu
490 1296 560 1352 primo
577 1295 725 1340 1666666166
741 1294 917 1338 adscendentium
933 1294 999 1355 (16166

103 1383 200 1412 socerum
221 1373 242 1412 et
263 1383 343 1411 nurum
354 1375 367 1423 1,
389 1368 490 1412 vitricum
510 1371 531 1412 et
551 1368 679 1426 priuignam,
700 1368 825 1425 privignum
841 1370 862 1411 et
878 1383 997 1420 novercam,

103 1456 188 1485 socrum
204 1444 226 1485 et
241 1442 355 1502 generum)
376 1444 398 1485 et
413 1442 507 1500 quodam
523 1441 614 1485 secundo
636 1441 701 1502 [inter
717 1442 819 1485 uitricum
835 1443 856 1485 et
872 1441 938 1484 filiam
954 1441 999 1498 pri-

103 1509 189 1575 vignae)
213 1515 314 1559 attentio
337 1515 402 1575 (inter
417 1515 518 1559 vitricum
539 1519 560 1557 et
579 1517 667 1571 neptem
682 1514 814 1574 privignae);
836 1514 859 1557 16
876 1519 998 1559 transuersa

103 1592 174 1631 autem
191 1590 248 1632 la'aea
268 1587 403 1644 prohibitum
423 1586 469 1631 erat
489 1587 614 1645 coniugium
634 1588 659 1631 in
679 1588 749 1643 primo
770 1593 791 1631 et
812 1587 905 1631 secrmdo
922 1588 996 1645 gradu,

103 1662 128 1704 ut
143 1676 192 1705 curn
208 1676 281 1705 sorore
296 1662 369 1705 uxoris
380 1662 483 1718 propriae,
500 1675 566 1704 uxore
577 1662 689 1704 etiamtum
700 1661 786 1705 vivente
804 1663 857 1719 (666
869 1675 918 1703 cum
928 1676 999 1704 sorore

103 1733 177 1777 uxoris
193 1736 306 1793 mortuae),
324 1748 373 1777 cum
388 1733 454 1777 vidua
469 1733 542 1776 fratris
559 1733 608 1794 (6161
624 1733 690 1776 irater
707 1748 754 1776 eam
770 1734 816 1777 sine
832 1733 892 1790 prole
908 1733 1000 1790 relique-

104 1807 145 1866 rat)
162 1809 200 1850 aut
215 1807 288 1864 patrui
298 1812 313 1853 ².

168 1910 176 1934 1
192 1909 236 1949 lam
257 1911 323 1948 aetate
339 1908 468 1960 patriarchali
489 1921 556 1948 socero
576 1908 632 1947 nefas
652 1908 715 1948 fuisse
735 1908 816 1948 uidetur
835 1921 912 1947 nurum
928 1908 1001 1947 ducere

104 1964 136 2022 (61.
153 1969 184 2009 Gn
201 1975 235 2018 38,
256 1966 358 2026 13—26),
375 1970 437 2021 idque
453 1982 477 2009 66
492 1981 532 2009 666
549 1969 641 2020 quodam,
663 1969 699 2020 qui
716 1969 777 2008 etiam
793 1969 847 2020 apud
864 1969 913 2008 61166
930 1971 1000 2021 gentes

104 2030 200 2070 obtinuit.

167 2103 175 2128 2
192 2104 221 2143 De
237 2103 300 2144 vidua
316 2103 416 2151 avunculi,
438 2103 451 2144 1,
468 2116 484 2143 e.
500 2103 568 2143 fratris
585 2103 660 2152 matris,
681 2103 817 2143 controuersia
838 2106 874 2144 661,
901 2103 999 2143 Nonnulli

104 2164 178 2213 putant
194 2177 239 2204 eam
250 2164 423 2216 prohibitionibus
439 2164 491 2216 legis
506 2178 547 2203 666
559 2163 705 2215 comprehendi.
728 2163 799 2215 Neque
812 2164 925 2203 avunculus
937 2164 1000 2204 filiam

105 2223 178 2263 sororis
195 2225 269 2265 ducere
284 2226 392 2266 vetabatur
407 2238 473 2276 neque
490 2228 573 2276 patruus
590 2225 654 2264 filiam
670 2225 744 2267 fratris.

164 2318 259 2376 Legibus
270 2319 302 2362 Lu
314 2323 349 2371 18,
360 2323 419 2366 6μὸ
436 2318 493 2374 latis,
510 2333 564 2375 quae
580 2317 662 2361 ratione
679 2319 748 2360 bonae
759 2318 826 2373 prolis
844 2321 865 2361 et
881 2319 999 2361 reverentia

104 2391 230 2454 parentibus
250 2391 322 2435 debita
338 2391 477 2448 explicantur,
499 2391 629 2448 respondent
647 2405 728 2449 666666
748 2391 776 2435 ib.
793 2395 829 2444 20,
847 2395 934 2438 11-21
957 2396 1000 2435 616-

104 2464 168 2506 tutae.
195 2463 293 2507 incestus
310 2479 359 2508 cum
375 2480 466 2509 noverea
482 2466 510 2525 (v,
528 2466 564 2524 11)
586 2466 624 2508 aut
639 2479 695 2507 nuru
712 2464 739 2523 (r.
758 2467 793 2521 12)
815 2464 918 2507 admissus
934 2471 1000 2508 morta

103 2535 247 2588 multabatur;
263 2538 316 2582 item
332 2538 496 2582 matrimonium
507 2539 638 2581 attentatum
654 2552 702 2580 cum
718 2536 810 2594 quadarn
826 2537 914 2581 muliere
925 2538 1000 2581 simul-

104 2622 145 2663 que
161 2609 207 2653 eius
222 2610 255 2653 fili
285 2611 373 2670 (614).
401 2610 475 2655 Ooitus
491 2626 540 2654 cum
556 2625 628 2654 sorore
644 2611 670 2667 (6,
690 2611 732 2668 17),
754 2612 868 2653 matertera
884 2610 918 2654 vel
934 2612 1000 2655 remita

104 2683 187 2741 (1619)1
205 2698 272 2726 uxore
287 2684 360 2740 patrui
375 2684 409 2727 vel
425 2684 524 2728 aruncul'
542 2685 571 2744 (v.
583 2684 626 2742 20)1
643 2698 682 2726 666
698 2698 744 2726 666
759 2697 824 2728 uxore
834 2682 906 2726 fratris
923 2684 950 2743 (v.
961 2686 1000 2745 21)

103 2758 169 2797 66616
185 2756 277 2800 61611161
289 2759 352 2813 prola
367 2771 410 2799 666
426 2758 518 2814 16661661
534 2757 668 2814 puniebatur.
690 2755 762 2799 Ooitus
778 2770 827 2798 oum
842 2758 910 2800 matre
926 2758 1001 2812 procul

104 2823 170 2870 dubio
181 2832 256 2884 poena,
274 2845 328 2887 quae
338 2846 357 2876 u.
370 2834 383 2877 9
394 2831 532 2883 memoratur,
548 2831 681 2874 multabatur
692 2829 704 2872 i.
715 2844 731 2872 6,
743 2832 813 2885 poena
824 2829 905 2872 mortis.
922 2829 1001 2874 Utrum

106 2911 181 2943 omnes
202 2902 252 2945 illae
272 2918 353 2960 poenae
374 2903 417 2945 iam
438 2905 488 2946 ante
504 2903 580 2947 Mosen
593 2888 696 2947 1(16666166
717 2901 798 2945 fuerint
821 2917 849 2944 66
866 2902 935 2948 Moses
956 2904 1002 2961 ipse

105 2970 187 3029 aliquas
204 2975 310 3021 addiderit
326 2977 360 3020 vel
376 2976 466 3030 auxerit,
487 2976 618 3042 ignoramus.
646 2976 718 3019 Poena
733 2975 757 3017 16
773 2975 854 3018 coitum
874 2990 923 3019 cum
938 2981 1003 3034 66616

104 3042 148 3101 (18,
166 3046 203 3105 10)
220 3051 302 3093 statuta
318 3064 364 3092 uon
380 3052 571 3101 commemoratum
586 3064 655 3106 neque
672 3063 721 3092 uero
738 3047 827 3091 dubium
844 3050 881 3101 ese,
898 3049 950 3106 quin
967 3051 1002 3094 in-

105 3119 174 3161 cestus
189 3119 227 3164 1116
243 3121 329 3166 1666616
345 3137 394 3166 cunr
409 3137 467 3166 nuru
483 3123 595 3166 commisso
611 3122 707 3165 inclusus
724 3121 762 3173 611;
779 3124 835 3165 uerte
850 3122 956 3170 luebatur.
