2218 3388
143 84 187 129 160
438 80 485 117 Pars
498 81 512 121 I.
533 82 564 117 An
573 81 665 127 iquitates
678 93 742 119 sacrae

204 205 300 247 Conferas
317 208 334 248 S.
350 208 369 247 J.
391 208 507 257 Curbiss,
529 209 557 248 De
573 209 687 248 staronitiei
704 208 810 249 sacerdotii
827 209 1039 260 0101101010οΕ0-

142 267 226 307 histieae
243 267 321 321 origine
338 274 420 311 e—13.

202 389 229 442 b)
260 385 314 430 Sunt
331 386 367 445 qui
384 386 507 431 existiment
523 402 550 429 ne
561 387 715 443 prophetarum
727 387 813 444 quidem
829 388 894 432 verba
910 403 959 431 000
975 403 1039 434 sonc-

141 458 201 502 tione
217 459 331 502 sacerdotii
341 459 461 503 Aaronitiei
471 459 566 503 Mosaios
577 460 688 504 conciliari
698 474 760 516 posse
776 461 840 518 idque
851 463 969 517 propterea,
982 460 1040 518 quod

140 532 258 588 prophetae
274 532 416 576 sacerdotium
431 547 478 576 non
494 533 650 586 Aaroniticurn,
671 533 708 576 sed
724 534 843 578 Leviticum
858 533 974 578 nominent
990 533 1039 592 (des

142 609 177 658 (16,
194 610 229 653 21.
246 604 284 649 Jer
300 611 335 658 33,
353 610 387 653 ts.
404 605 432 649 ΕΖ
449 609 535 658 les-,193
551 609 634 658 4415.
651 606 762 659 110113.
779 607 805 654 cf.
823 611 875 660 2,1.
892 607 920 667 l).

203 708 231 746 At
245 707 396 758 respiciendum
416 708 448 747 est
470 721 544 747 nomen
565 708 632 747 tribus
647 708 695 748 Levi
717 708 778 748 etiarn
798 710 880 761 gentem
901 707 1037 748 Aaroniticanr

141 768 228 819 ideoque
251 768 364 808 sacerdotes
387 781 434 808 eum
456 770 527 809 ceteris
543 768 619 809 Levitis
642 769 753 820 complecti.
789 770 852 811 Velut
874 769 935 808 etiam
957 770 979 809 in
1000 769 1053 821 Chr

141 830 200 870 libris
223 842 297 870 nornen
312 830 430 869 Levitarum
454 830 479 869 ad
502 829 616 869 sacerdotes
633 843 714 881 quoque
736 830 824 870 refertur
845 826 875 885 (ΙΙ
890 830 929 870 (ihr
947 837 980 878 11,
999 836 1040 877 141

143 897 177 940 29,
190 898 202 932 4
215 886 238 945 s.)
260 890 330 941 ibique
347 890 460 931 sacerdotes
476 890 589 931 Aaronitici
610 890 722 930 identidem
737 888 820 931 nomine
837 891 965 931 sacerdotum
981 891 1040 931 Leri-

141 952 229 992 ticorum
245 951 388 1004 significantur
409 948 437 1007 (II
453 952 492 991 Chr
509 957 542 1000 23,
561 957 598 998 183
621 957 655 1001 30,
668 950 710 1005 27),
728 952 802 1003 quibus
819 966 865 992 cum
880 952 930 992 loeis
946 952 1003 992 Hebr
1020 958 1039 1000 1,

144 1020 169 1055 11
188 1013 274 1053 conferri
289 1014 362 1064 pot-est,
379 1012 416 1051 nbi
432 1012 546 1052 inculcatur
563 1012 698 1052 sacerdotium
713 1013 855 1053 Aaroniticum
871 1026 914 1053 esse
926 1013 1038 1053 Levitieum

141 1074 154 1113 1.
171 1088 188 1115 e.
205 1073 230 1113 ad
247 1073 384 1113 condicionem
401 1073 484 1124 originis
499 1073 600 1113 Leviticae
616 1073 742 1114 adstrictum.
775 1074 831 1114 Unde
853 1075 982 1126 cognoscitur
997 1085 1038 1113 non

142 1136 208 1175 solum
225 1134 332 1185 scriptores
343 1133 479 1184 posteriorum
495 1136 610 1185 temporum
620 1134 700 1174 nullum
716 1135 770 1174 inter
787 1135 900 1176 sacerdotes
911 1134 1039 1175 Aaronitieos

142 1199 163 1235 et
178 1195 278 1236 Leviticos
295 1195 404 1235 discrimen
419 1195 490 1243 faeere,
507 1195 543 1234 sed
559 1196 621 1235 etiam
637 1195 696 1235 nobis
712 1195 787 1234 mirum
803 1195 869 1235 videri
884 1209 925 1236 non
940 1208 1005 1248 posse,
1022 1194 1040 1234 si

141 1256 196 1308 apud
212 1257 321 1308 prophetas
344 1268 425 1307 quoque
442 1256 556 1295 sacerdotes
572 1254 657 1298 Levitiei
677 1257 702 1295 ab
718 1256 842 1297 Aaroniticis
863 1269 904 1297 non
920 1257 1036 1296 discernan-

141 1320 182 1357 tur.
214 1318 300 1357 Exstant
321 1318 389 1357 autern
410 1316 464 1368 apud
480 1317 594 1368 prophetas,
618 1318 654 1368 qui
670 1320 717 1357 ante
733 1317 827 1356 exsilium
843 1317 978 1369 Babylonium
995 1317 1038 1357 fue-

141 1379 196 1426 runt,
214 1378 275 1418 etiam
291 1378 370 1429 aliquot
386 1378 433 1429 plus
449 1377 543 1418 minusve
559 1377 667 1429 perspicua
683 1378 763 1426 indicia,
780 1391 832 1429 quoe
848 1378 958 1418 ostendunt
974 1390 1040 1422 sacer-

142 1439 221 1479 dotium
236 1439 378 1479 Aaroniticum
398 1435 424 1478 iis
444 1439 517 1478 notum
533 1438 602 1478 fuisse.
633 1439 696 1479 Velut
712 1438 830 1479 distributio
847 1439 930 1479 urbium
946 1439 1039 1478 sacerdo-

141 1500 216 1540 talium
239 1497 283 1556 (dos
301 1506 336 1549 21,
356 1496 460 1553 13-19),
483 1512 545 1550 quam
566 1500 688 1540 recentiores
710 1499 743 1539 illi
765 1500 830 1539 critici
853 1501 932 1540 chartae
955 1500 1038 1550 quidem

142 1561 265 1609 mandatam,
288 1561 322 1600 sed
344 1573 457 1610 numquam
479 1560 504 1599 od
526 1560 620 1601 effectum
641 1560 749 1601 adductam
770 1573 815 1600 esse
837 1562 926 1608 censent,
949 1560 1038 1601 deremio

141 1622 252 1674 prophetae
274 1621 328 1661 baud
344 1621 448 1673 incognita
465 1623 519 1668 erat3
542 1634 590 1661 narn
611 1622 684 1660 urbem
707 1621 850 1661 sacerdotalem
866 1622 971 1661 rlnethoth
991 1634 1038 1672 pro-

141 1684 203 1735 pheta
220 1682 294 1722 diserte
311 1683 452 1722 commemorat
469 1678 521 1737 (1,1
540 1681 616 1723 01100
635 1688 668 1730 21,
683 1679 725 1737 18).
757 1682 813 1722 Idem
834 1682 901 1733 Seraja
917 1683 990 1722 summi
1006 1695 1036 1722 so-

142 1744 228 1784 eerdctis
239 1743 361 1783 mentionem
378 1742 480 1795 10011152,
494 1742 530 1796 24)
546 1742 609 1794 idque
625 1744 685 1794 plane
701 1742 770 1783 eodem
781 1744 846 1791 modo,
863 1756 903 1794 quo
920 1743 1038 1794 scriptores,

142 1806 178 1856 qui
189 1806 236 1856 post
246 1804 341 1844 exsilium
356 1804 446 1852 fuerunt,
463 1804 510 1843 dota
521 1805 625 1843 occasione
641 1804 666 1843 de
677 1804 762 1844 summis
774 1804 913 1844 sacerdotibus
924 1804 1038 1855 loquuntur

142 1864 171 1919 (H
188 1866 226 1905 Chr
243 1871 277 1913 24,
298 1873 333 1912 11;
353 1871 387 1914 26,
400 1870 439 1913 203
458 1871 539 1912 31,10.
555 1864 593 1904 Esr
611 1871 630 1913 7,
643 1861 671 1919 5).
703 1864 760 1904 Unde
777 1867 860 1916 apparet
875 1877 950 1905 munus
964 1864 1038 1905 summi

142 1927 251 1966 sacerdotis
268 1928 289 1965 et
305 1927 371 1977 aetate
382 1925 471 1965 <Ieremia
486 1926 597 1976 prophetae
614 1928 635 1965 et
651 1928 697 1977 post
713 1926 807 1965 exsilium
822 1926 919 1966 continuo
936 1925 1039 1966 011110011-

142 1988 225 2028 stitisse.

469 2106 566 2151 Sectio
583 2107 713 2152 secunda

141 2231 193 2283 De
216 2229 519 2283 consecratione
542 2229 816 2282 ministrorum
841 2241 1038 2283 sacrorum

203 2385 289 2436 Omnes,
310 2384 347 2441 qni
369 2399 380 2427 e
401 2385 461 2427 tribu
476 2384 529 2427 Levi
549 2384 591 2427 orti
608 2384 671 2427 etad
688 2398 752 2439 opera
768 2385 838 2428 cultus
859 2384 926 2428 divini
941 2383 982 2427 rite
999 2385 1039 2427 ob-

141 2458 212 2502 eundo
227 2456 299 2501 idonei
314 2459 382 2510 erant,
398 2457 458 2500 iussu
475 2456 509 2500 dei
523 2472 561 2513 per
576 2456 652 2500 Mosen
667 2457 758 2513 publicis
775 2457 910 2501 caerimoniis
926 2470 1038 2499 eonsecra-

140 2533 227 2575 bantur¹

202 2631 223 2674 Ι.
250 2627 367 2671 Levitae
382 2628 447 2683 paulo
460 2629 577 2683 antequam
587 2626 677 2670 Hebraei
693 2630 790 2670 amente
801 2626 861 2671 Sinai
876 2626 1036 2682 proficisceren-

140 2705 182 2756 tur,
204 2700 322 2745 consecrati
345 2702 402 2743 sunt.
435 2698 488 2742 Cum
505 2715 547 2756 qua
568 2699 727 2756 significatione
748 2701 851 2758 temporis
871 2715 917 2744 non
934 2699 1039 2756 discrepat

140 2776 200 2819 locus
215 2775 247 2818 Dt
265 2778 336 2826 108,
353 2773 484 2831 0111016110
500 2777 546 2815 stan
555 2772 598 2821 1111
614 2773 650 2817 illo
666 2778 759 2832 tempore
779 2789 825 2818 non
846 2774 873 2817 ad
888 2776 973 2830 tempus
988 2775 1038 2828 post

140 2849 288 2895 Hebraeorum
305 2846 421 2890 adrentum
441 2845 465 2888 in
481 2845 572 2889 Jotbata
587 2846 655 2906 (1.7),
677 2862 719 2904 quo
736 2849 831 2903 tempore
847 2847 927 2897 Aaron,
944 2845 981 2902 qui
997 2845 1037 2888 Le-

141 2922 191 2966 vitis
207 2919 357 2965 consecrandis
372 2918 477 2971 interfuit,
499 2919 543 2961 iam
563 2919 608 2962 vitri
624 2918 741 2963 decesserat
762 2921 789 2978 (r.
807 2921 836 2978 6),
857 2919 893 2963 sed
909 2919 936 2962 ad
952 2921 1039 2975 ternpus

140 2997 189 3052 post
205 2994 271 3038 illesis
288 2993 413 3036 descensum
429 2991 454 3035 de
470 2994 545 3035 monte
561 2991 620 3036 Sinai
637 2993 664 3053 (v.
681 2993 703 3052 5)
719 2992 831 3036 referenda
846 2994 903 3035 sunt.

202 3069 273 3126 Atque
288 3067 375 3111 Levitae
391 3081 447 3123 aqua
462 3065 613 3109 lustrationis1
636 3067 809 3124 aspergebantur,
831 3080 906 3109 omnes
921 3065 977 3122 pilos
993 3079 1040 3108 car-

140 3142 180 3196 nis,
202 3142 280 3200 quibus
300 3140 394 3198 plurima
414 3138 552 3183 mimunditia
572 3139 680 3193 adhaeret,
700 3139 805 3183 radebant
820 3143 841 3183 et
857 3139 985 3183 vestimenta
1000 3154 1039 3182 sua
