2147 3361
376 82 433 118 Festa
447 83 490 129 post
502 83 585 120 exsilium
599 82 689 119 instituta

422 256 518 301 sectio
535 258 642 314 quarta

96 383 98 387 ‘
147 381 198 433 De
215 379 327 432 'festis
346 381 436 443 post
456 379 635 433 exsilium
655 361 919 447 Babylonium

167 464 169 466 ’
438 464 633 518 institutis
831 466 833 469 ’

147 620 241 663 Praeter
256 619 311 663 festa
332 620 380 677 iege
397 619 490 663 Mosaica
512 619 642 676 praescripta
664 620 720 676 apud
742 620 834 664 ludaeos
856 621 991 677 posterioris

88 693 162 739 aetatis
183 693 245 736 multi
266 693 303 736 alii
324 693 368 736 dies
387 692 437 735 festi
458 692 627 744 celebrabantur,
649 707 741 750 quorum
762 693 887 749 praecipuos
907 709 980 738 recen-

87 782 162 812 semus

435 874 512 932 Caput
527 876 636 942 primum

411 1005 452 1051 De
471 1004 543 1051 festo
562 1003 663 1050 Purim

149 1148 243 1188 Conferas
259 1149 317 1188 tract.
334 1148 440 1200 Megillo
457 1144 485 1203 (ll
501 1147 526 1193 Π,
545 1143 593 1202 10);
610 1147 631 1189 P.
648 1147 677 1185 dc
693 1147 819 1198 Lagarde,
836 1148 911 1188 Purim
944 1148 989 1187 Eiu.

88 1210 170 1261 Bciirag
186 1223 222 1248 zur
233 1210 350 1249 Geschichte
367 1209 403 1248 der
416 1208 507 1260 Religion
518 1206 579 1263 (nun.
595 1208 631 1247 der
641 1208 682 1260 lgr.
695 1208 802 1248 Gesellsch.
814 1209 850 1248 der
860 1208 983 1249 Wissensch.

88 1285 112 1311 zu
129 1270 240 1322 Gottingen
258 1270 345 1318 XXXIV,
364 1267 442 1324 meib
463 1270 488 1310 H.
505 1269 643 1315 Zimmern‚
666 1269 705 1308 Zur
721 1268 785 1321 Frage
806 1273 857 1309 nach
879 1270 924 1309 dem
946 1271 990 1310 Ur·-

89 1345 177 1383 sprunge
193 1331 228 1370 des
244 1331 377 1371 Purimfestes
393 1328 467 1388 (law
483 1330 516 1378 XI,
529 1336 592 1378 1891,
607 1326 744 1384 lar—les);
762 1331 784 1369 Β.
801 1331 927 1379 Meiliner,
944 1332 984 1371 Zur

88 1392 344 1444 Entstehungsgeschichte
371 1392 405 1432 des
433 1391 565 1431 Purimfcstes
593 1388 685 1447 (ZDMG
707 1392 729 1437 L,
754 1396 818 1438 1896,
844 1390 985 1446 'Zilil—300:

89 1453 119 1492 W.
136 1453 209 1501 urbi,
228 1454 263 1493 Die
280 1454 397 1505 Purimsage
418 1453 439 1492 in
455 1452 491 1491 der
506 1452 571 1494 Bioel.
587 1452 657 1492 Berlin
675 1458 743 1499 19003
760 1452 781 1493 P.
799 1448 898 1504 Haupt,
914 1454 984 1493 Purim

90 1511 159 1569 (Beitr.
176 1527 211 1554 zur
228 1516 298 1566 Assyr.
314 1514 357 1553 und
373 1526 422 1554 sem.
439 1513 539 1565 Spracbw.
555 1513 588 1561 VI,
607 1519 626 1555 2.
642 1512 723 1565 Leipzig
741 1510 819 1569 laoe);
837 1514 855 1552 S.
872 1514 993 1565 Jampel,

90 1575 175 1616 Studien
197 1588 243 1614 zum
263 1575 332 1615 Buehe
353 1575 434 1615 Esther:
457 1574 493 1613 Die
516 1574 631 1626 bishcrigen
653 1574 785 1625 Hypotbesen
807 1575 858 1614 iiber
880 1574 912 1615 dic
934 1576 986 1616 Ent-

89 1637 176 1688 stehung
198 1636 232 1686 des
254 1636 391 1675 Purimfestes.
414 1635 483 1676 Kritik
505 1634 541 1674 der
562 1648 652 1674 neuereu
673 1635 716 1673 und
739 1637 836 1674 neuesteu
853 1636 985 1687 Hypothcsen

89 1697 217 1745 (llonatschr.
233 1697 267 1736 fiir
283 1697 350 1736 Gesch.
367 1696 410 1736 und
426 1696 546 1735 Wissenscli.
564 1696 598 1735 des
615 1696 738 1735 Judentums
755 1696 777 1744 L,
797 1703 922 1740 152-168.
941 1704 991 1740 2891

90 1764 170 1800 -315,

149 1889 170 1934 Ι.
186 1887 273 1935 restam
289 1888 381 1931 Parim
402 1888 479 1946 (niun
492 1892 518 1935 nr
535 1886 587 1930 llsll
605 1891 625 1939 n,
642 1891 676 1935 28.
694 1892 728 1935 31.
746 1874 807 1941 ernau
824 1887 851 1931 lt.
868 1903 887 1930 v.
901 1893 936 1935 aa
950 1893 985 1936 sa.

90 1965 124 2007 32.
141 1960 199 2004 LXX
215 1967 309 2022 φρουραὶ,
325 1960 370 2007 dos,
387 1960 425 2003 Α]
443 1965 478 2012 il,
495 1965 514 2008 6·
533 1964 560 2008 13
582 1961 704 2020 ppoopator),
721 1976 734 2003 a
750 1961 995 2013 Murriodmihomine-

90 2033 177 2087 Judaeo,
193 2034 319 2077 institutum
335 2036 373 2086 est,
389 2034 415 2076 ut
430 2032 533 2077 memoria
548 2032 608 2076 illius
623 2032 723 2075 ioeueficii
742 2033 776 2076 dei
791 2034 926 2087 retineretur,
943 2049 986 2091 quo

89 2105 171 2159 iudaei,
188 2106 224 2164 qui
240 2109 287 2167 tum
298 2106 367 2150 Persis
382 2107 492 2163 parebant,
509 2106 535 2149 ab
554 2106 705 2157 internecione,
723 2121 787 2162 quam
803 2107 829 2150 iis
840 2108 931 2159 Hmnan,
945 2109 991 2151 mi·-

90 2179 156 2223 uister
176 2180 233 2236 regis
249 2179 345 2223 Ahasver
366 2180 466 2240 (Xerxis),
487 2182 604 2236 paraverat,
629 2180 714 2222 liberati
735 2183 814 2231 sume
835 2196 900 2238 quare
921 2181 985 2225 etiam

90 2253 230 2315 Μαρδοχᾱίκὴ
250 2255 319 2315 ἡμέρα
340 2254 455 2297 vocabatur
477 2252 507 2313 (ll
522 2252 570 2296 lla
587 2256 621 2304 15,
638 2256 681 2311 36).
713 2252 827 2310 Agendum
851 2258 896 2298 erat
912 2255 994 2298 diebus¹
1051 2299 1052 2302 Ἴ

90 2329 166 2381 quarto
182 2327 264 2369 decimo
281 2329 302 2370 et
318 2327 394 2383 quinto
411 2326 494 2369 decimo
510 2326 590 2369 mensis
606 2325 664 2369 idciar
684 2326 728 2369 sive
744 2326 817 2369 ultimi
838 2328 917 2370 mensis
933 2329 986 2370 anni

90 2399 144 2442 sacri
160 2400 310 2451 Hebraeorum,
331 2401 362 2443 ita
383 2402 456 2442 tamen
478 2402 503 2442 ut
524 2399 606 2455 primus
629 2399 673 2442 dies
696 2398 823 2442 sollemnius
845 2401 986 2444 celebraretur

91 2485 155 2527 quam
175 2472 280 2516 secundus
289 2477 302 2516 2,
335 2473 361 2516 In
377 2472 494 2530 synagogis
509 2471 564 2515 liber
580 2471 657 2515 Esther
673 2463 730 2533 (17le
747 2474 794 2518 κατ’
811 2475 886 2536 ἐξοχὴν
903 2474 987 2531 dictus),

90 2544 114 2586 in
130 2560 172 2602 quo
189 2561 214 2589 ea
229 2546 318 2589 historia
333 2543 439 2598 narratur,
456 2560 482 2588 ex
498 2546 584 2603 integro
600 2545 732 2589 recitabatur
740 2550 755 2598 ³,
772 2549 793 2589 et
809 2547 866 2604 quod
878 2550 992 2603 supererat.

91 2618 198 2675 temporis,
215 2620 260 2663 otio
276 2619 380 2675 laetisque
396 2619 465 2674 epuiis
481 2619 649 2677 transigebatur.
670 2618 740 2662 Amici
757 2621 814 2663 inter
831 2635 852 2662 se
869 2619 925 2662 dona
936 2620 995 2663 mit»

72 2714 74 2718 ·
91 2692 172 2745 iebant,
188 2692 287 2749 discipuli
303 2692 482 2749 praeceptoribus,
499 2691 583 2735 domini
599 2692 670 2747 servis,
687 2692 776 2736 maiores
793 2694 846 2735 natu
861 2693 987 2745 minoribus,

90 2762 196 2821 imprimis
212 2765 320 2810 divitiores
337 2765 471 2822 pauperibus
482 2769 508 2809 nt
518 2768 540 2808 et
550 2766 591 2822 ipsi
601 2781 642 2822 pro
654 2766 780 2809 condicione
791 2781 829 2808 sua
841 2765 896 2808 diem
907 2765 987 2809 festum

92 2836 156 2894 digne
173 2839 277 2883 celebrare
292 2842 385 2895 possent.
410 2838 491 2895 'Neque
507 2853 558 2882 vero
575 2839 617 2882 alia
633 2842 695 2882 erant
710 2854 799 2882 munera
820 2838 861 2881 nisi
878 2838 989 2882 esculenta

92 2913 112 2952 et
134 2913 252 2968 potuleuta.
285 2912 377 2968 Vesperi,
394 2912 500 2968 imprimis
522 2913 609 2955 secundi
631 2913 679 2966 diei,
696 2912 736 2955 viri
757 2911 883 2954 muliebrem
900 2914 987 2965 restem,

91 2982 183 3029 feminas
200 2986 282 3029 virilem
299 2985 418 3028 induebant
429 2987 493 3042 atque
504 2985 534 3028 sic
545 2987 655 3042 personati
665 2985 728 3028 modo
741 2985 895 3027 insanientium
907 2985 996 3029 [liseur--¹

92 3057 173 3101 rebant.
206 3059 268 3103 Festo
288 3058 428 3115 praecedebat
448 3058 527 3101 durum
546 3059 651 3102 ieiunium
672 3058 695 3100 in
717 3058 843 3100 memoriam
865 3057 940 3101 ieiunii
961 3059 995 3101 ab

92 3126 169 3174 Esther
185 3132 272 3190 eiusque
288 3133 428 3189 popularibus
444 3131 470 3175 ad
486 3132 606 3188 periculum
622 3130 775 3174 internecionis
787 3130 936 3186 depellendum
949 3133 994 3175 ob·-
