2107 3321
369 71 448 124 pronas
461 72 606 119 archaeologiae
619 71 707 128 biblicae·
959 74 985 118 ῃ

90 203 210 250 Berachotb
227 215 251 242 ex
267 200 355 241 seeundo
370 211 439 239 omnes
450 202 532 252 excepto
543 199 663 249 Sohalralim,
680 198 775 239 extortio
788 209 861 247 omnes,
879 209 902 236 ex
913 197 987 249 quarto

91 276 160 307 omnes
177 262 265 315 exceptis
278 261 368 313 Edujoth
384 261 404 301 et
414 261 475 300 Pirke
491 261 559 309 aboth,
575 274 599 301 ex
615 261 688 312 quinto
704 272 773 300 omnes
789 258 877 311 exceptis
894 257 986 297 bliddoth

92 329 112 367 et
123 323 206 366 Kinnim
223 323 337 380 (praeterea
352 322 418 362 media
433 324 491 372 parte
503 319 588 379 Tamid),
604 335 628 361 ex
644 322 699 362 serto
715 334 781 362 unum
796 320 909 361 tractatum
919 318 987 358 llidtla

91 386 187 428 illustrat.

151 482 256 533 Lingua
271 480 373 521 Talmudia
393 481 466 531 partim
482 494 535 521 nova
551 481 649 521 Hebraica
671 477 692 536 (i
709 494 725 522 e.
741 479 845 528 Hebraica,
866 491 918 530 quae
934 478 987 518 Ara·

91 543 185 592 maismis,
206 545 312 593 praeterea
328 541 430 581 vocabulis
447 542 525 582 Graecis
546 544 566 582 et
581 542 658 582 Latinis
674 542 769 592 corrupta
785 537 823 597 est)
844 540 920 592 partim
935 540 987 578 Ara-

91 605 156 645 maica
173 606 208 646 est.
240 603 280 642 rua
300 603 394 647 Misobna
416 602 486 655 paucis
504 603 554 644 loeis
574 602 667 654 exceptis,
689 604 710 642 et
729 615 803 654 magna
823 613 869 654 pars
890 600 987 641 (ismarae

67 710 70 714 ,
91 666 177 717 scriptae
198 665 257 712 sunt3
278 677 326 704 narn
346 665 407 711 etiam
422 664 444 703 in
460 663 543 704 Gemara
564 660 593 718 (id
609 663 664 715 quod
680 664 751 702 contra
767 676 796 712 ea,
817 676 869 714 quae
885 662 910 702 de
926 675 949 702 ea
963 675 987 702 re

39 718 41 723 ¹
92 727 153 766 etiam
168 725 286 776 nuperrime
297 724 352 765 dicta
368 726 420 773 sunt,
438 725 533 765 contendi
544 722 633 779 oportet)
645 724 752 763 enuntiata
762 722 814 763 iuris
824 736 903 775 semper
913 722 987 775 lingua

91 794 143 828 nova
162 785 264 826 Hebraea
290 787 386 838 concepta
406 788 454 826 sunt
474 786 495 826 et
516 786 585 826 eadem
607 785 678 837 lingua
699 785 820 836 plerumque
841 783 985 835 explicationes

92 860 178 900 quoque,
200 859 252 897 quae
275 849 395 898 sequuntur,
417 849 438 887 εὴ
457 859 504 898 pars
523 846 665 887 narrationum
685 845 787 885 confectae
807 846 861 886 sunt.
892 844 986 884 Ceterum

91 909 146 949 inter
165 907 258 959 linguam
274 908 399 947 Aramaicam
420 908 514 947 Gamerae
536 906 690 959 Palaestinensis
710 907 731 945 et
752 905 847 946 Gemarae
863 905 986 957 Babyloniae

92 968 190 1021 quaedam
206 967 324 1008 discrimina
339 970 483 1021 agnoscuntur.

151 1036 222 1075 Partes
238 1035 340 1075 Talmudis
360 1039 420 1076 sunt:
442 1032 464 1090 α)
481 1035 597 1075 Halacha
618 1021 681 1091 (dsstt
698 1048 708 1074 a
725 1020 764 1080 ab?
781 1031 872 1089 incessit),
895 1046 946 1085 quae
962 1047 986 1073 ex

92 1097 224 1137 rabbinorum
246 1096 342 1148 opinione
364 1109 408 1136 eam
430 1096 480 1148 legis
503 1095 590 1147 scriptae
612 1096 768 1148 explicationem
791 1098 812 1135 et
832 1095 986 1146 completionem

92 1157 188 1205 continet,
204 1170 267 1208 quam
283 1157 342 1198 adeo
358 1158 403 1209 ipso
419 1158 441 1196 in
456 1157 524 1197 monte
536 1156 590 1196 Sinai
601 1157 652 1197 Mosi
667 1157 735 1196 datam
752 1168 787 1207 per
803 1155 987 1205 hena-seniores,

91 1218 207 1271 prophetas,
229 1219 284 1258 viros
305 1230 420 1270 synagogae
440 1230 525 1270 magnae
541 1231 575 1257 cre
591 1214 688 1257 traditam
703 1230 770 1268 usque
786 1217 811 1256 ad
827 1230 848 1257 se
868 1213 986 1268 pervenisse

92 1279 168 1321 dicunt.
198 1280 264 1326 Quare
280 1279 357 1318 nemini
373 1292 417 1318 eam
432 1279 553 1330 impugnare
569 1279 627 1326 licet3
644 1278 747 1326 immovea
762 1281 838 1318 temere
854 1278 985 1327 admittenda,

92 1339 203 1380 secundum
220 1353 265 1379 eam
280 1340 414 1380 incedendum
430 1341 451 1379 et
461 1339 571 1379 vivendum
587 1341 622 1382 est.
649 1339 738 1380 Vocatur
754 1339 815 1379 etiam
825 1333 898 1384 aptat?
909 1340 987 1379 abolitio

91 1401 124 1440 vel
139 1401 211 1440 arcasin
227 1413 253 1440 sc¹
269 1400 418 1452 interpretatio,
440 1413 501 1451 quam
521 1400 602 1440 rabbini
617 1414 629 1440 a
644 1400 757 1440 maioribus
777 1400 858 1440 audisse
878 1400 985 1442 affirmant.
1001 1435 1002 1438 ,

93 1461 146 1508 Quae
162 1461 305 1513 interpretatio
321 1462 343 1501 in
354 1461 443 1501 Misehna
459 1462 562 1512 praevalet
579 1464 640 1513 atque
655 1461 755 1513 imprimis
771 1461 894 1501 aTaanuba
910 1459 990 1516 (ursin,-

91 1521 220 1578 δευτερωταῐ)
236 1522 250 1564 i.
267 1535 284 1561 e.
300 1536 311 1561 a
326 1522 378 1561 ciris
394 1521 458 1561 doctis
474 1522 571 1570 Judaicis,
592 1522 628 1574 qui
648 1522 727 1562 circiter
747 1523 772 1562 ab
790 1535 842 1561 anno
861 1527 901 1565 180
919 1535 985 1574 usque

91 1583 117 1622 ad
134 1596 212 1622 annum
229 1589 271 1625 230
293 1597 312 1634 p.
329 1583 362 1625 Oh.
378 1583 468 1631 fuerunt,
490 1583 602 1623 constituta
617 1585 657 1632 est;
679 1596 725 1623 oum
746 1584 815 1622 autem
832 1583 856 1622 ad
877 1579 985 1623 arbitrium

91 1644 172 1683 tantum
188 1644 241 1683 fecta
258 1643 292 1693 sit,
308 1644 386 1683 nullius
402 1645 433 1683 est
449 1644 515 1695 pretii,
526 1666 556 1673 —
567 1641 586 1699 β)
602 1644 727 1696 Haggada
743 1641 799 1699 (Uib
815 1644 985 1692 81εὴῦῇἐὲεὴεὴ-

90 1706 149 1752 rotio,
166 1718 178 1744 a
194 1705 235 1744 ἿᾞΠ
250 1702 356 1759 aberrabit),
378 1718 428 1756 quae
445 1705 467 1744 in
484 1705 567 1744 Gomara
587 1705 728 1756 praevalebat
744 1717 884 1756 quaecumque
904 1706 985 1756 antiqui

91 1765 213 1817 interpretes
232 1765 314 1805 Judaioi
334 1766 377 1806 sive
398 1779 422 1805 er
442 1766 572 1818 grammatica
592 1766 636 1805 sive
656 1779 679 1805 ex
700 1766 837 1818 archaeologia
858 1769 878 1805 et
899 1766 984 1807 historia

92 1827 134 1866 sive
145 1839 168 1866 er
179 1826 327 1866 traditionibus
338 1827 437 1866 maiorum
453 1839 494 1865 non
509 1826 616 1866 balacbicis
633 1826 675 1867 sire
687 1840 710 1866 er
720 1826 817 1866 fabulosis
834 1828 984 1867 narrationibus

91 1887 116 1926 ad
138 1899 205 1927 sacras
227 1887 307 1927 litteras
330 1886 457 1939 explicandas
479 1888 559 1938 privabo
582 1887 649 1927 studio
672 1888 814 1936 contulerunt,
837 1888 986 1939 complectitur.

82 1947 146 1994 ‚Quae
162 1947 343 1999 interpretationes
359 1948 480 2000 baggadicae
496 1949 591 1988 maiorem
606 1949 684 1999 partem
700 1961 785 1999 prorsus
797 1949 881 1990 inutiles
893 1951 915 1989 et
925 1961 986 2000 saepe

90 2008 188 2048 ridiculae
205 2011 263 2057 sunt3
280 2021 432 2059 nonnumquam
443 2010 511 2049 tamen
522 2010 622 2049 rariorum
632 2010 778 2050 vocabulorum
789 2009 932 2062 explicationes
943 2023 985 2050 non

90 2070 214 2120 spernendas
231 2071 252 2109 εὴ
267 2070 427 2121 archaeologicas
442 2072 538 2110 textuum
553 2069 691 2110 difficiliorem
707 2070 855 2111 illustrationes
872 2072 983 2113 continent.

152 2187 174 2245 c)
191 2190 319 2242 Appendices
334 2190 437 2230 Misobnae
453 2204 465 2229 a
479 2190 529 2230 viris
545 2190 608 2230 doctis
614 2190 715 2236 ,eludaiois
731 2204 755 2230 eo
772 2191 855 2232 consilio
877 2192 990 2240 confectae

90 2254 114 2291 ut
130 2251 171 2291 eius
188 2251 228 2292 loci
244 2250 369 2291 obscuriores
385 2251 544 2299 illustrarentur,
565 2251 696 2303 Tosepbta
713 2248 803 2308 (suppia
821 2252 984 2303 additamentam)

91 2315 111 2352 et
126 2312 255 2364 BaraJ'tha
271 2308 341 2368 (Ἀᾙῖῑέ
357 2316 450 2351 carrara
466 2324 492 2351 sc.
508 2308 600 2368 traditio)
616 2312 750 2363 appellantur.

151 2379 253 2430 Toseplrta
274 2380 306 2418 est
327 2391 378 2430 opus
398 2378 507 2430 singulare,
528 2379 598 2418 eodem
618 2379 689 2419 ordine
710 2393 750 2431 quo
771 2381 866 2426 blisenna,
889 2381 923 2420 sed
943 2394 986 2421 non

90 2440 161 2481 eadem
181 2439 309 2482 auctoritate.
340 2440 370 2478 De
386 2440 490 2490 sexaginta
505 2440 571 2479 tribus
592 2440 714 2480 tractatibus
729 2440 831 2481 illiscbnae
846 2441 868 2481 in
884 2442 986 2494 'losephta

91 2501 129 2541 soli
146 2501 248 2541 tractatus
259 2500 334 2550 Ababa
345 2500 421 2549 Tamid
433 2500 530 2549 lliddoth,
541 2500 627 2540 Kinnim
642 2501 722 2542 desunt.
754 2503 872 2543 Materiam
883 2502 984 2554 Tosephta

90 2562 174 2602 collecta
195 2574 217 2600 re
237 2561 260 2601 in
280 2560 398 2602 universum
418 2561 545 2601 considerata
565 2563 637 2602 aetatis
654 2562 752 2602 l'annaim
774 2565 811 2615 est,
834 2576 904 2603 eorum
919 2563 984 2616 igitur

90 2623 181 2662 virorum
198 2623 303 2663 doctorum
319 2619 455 2669 {Iudaicorum
477 2621 579 2673 quitum,
600 2636 647 2663 cum
662 2622 754 2663 Misohna
775 2625 873 2674 ortaest,
894 2625 984 2667 fuerunt.

90 2683 212 2735 Tosephtam
229 2682 285 2735 typis
301 2682 452 2722 describendam
467 2683 546 2722 curavit
563 2682 590 2726 u.
601 2684 621 2725 S.
637 2684 793 2724 Zuclcermundcl
809 2677 916 2740 (Tosephta
931 2686 984 2725 nacb

90 2744 130 2783 den
149 2744 245 2784 Erfuricr
265 2743 308 2783 und
328 2743 409 2783 Wiener
429 2743 591 2786 Handscbriften.
622 2745 726 2785 Pasewalk
746 2751 808 2789 1880.
834 2746 909 2798 ,Suppl
926 2746 985 2786 Trier

93 2802 228 2860 1882-83).
255 2805 265 2843 Ι
293 2804 325 2846 Bi.
339 2804 417 2857 Quolibet
433 2803 490 2845 Thes.
506 2804 628 2845 XVII-XX
644 2808 710 2845 exstat
726 2806 827 2858 Tosephta
843 2807 868 2845 ad
885 2813 910 2849 31
929 2809 984 2847 trac-

90 2867 146 2906 tatus
162 2872 204 2905 una
220 2877 267 2905 curn
282 2865 374 2905 versione
390 2864 467 2905 Latina.

150 2933 248 2984 Barajtha
258 2932 302 2972 eius
312 2931 368 2971 modi
379 2931 473 2983 dogmata
489 2934 509 2971 et
525 2935 633 2985 praecepta
649 2934 746 2982 continet,
763 2946 820 2984 quae,
836 2934 876 2973 etsi
893 2935 984 2983 eiusdem

89 2993 189 3046 temporis
205 2995 260 3041 sunt,
277 3006 317 3043 qno
329 2993 417 3034 blischna
433 2993 478 3032 orta
493 2995 529 3042 est,
546 2996 613 3034 tamen
629 2995 650 3034 in
667 3008 710 3034 eam
725 2995 805 3046 recepta
820 3007 862 3035 non
878 2998 931 3044 sunt,
949 2996 983 3036 sed

89 3056 171 3094 tentum
190 3054 212 3094 in
228 3054 325 3094 Talmude
341 3053 485 3093 Palaestinensi
504 3057 689 3095 commemorantur
708 3055 770 3106 idque
789 3055 861 3108 lingua
876 3063 928 3097 nova
944 3057 985 3097 He·

88 3115 163 3156 braica.
