2218 3388
75 175 77 177 ,
132 137 160 181 38
402 151 404 154 -
429 131 476 168 Pars
488 132 503 170 1.
524 132 731 179 Antiquitatessaerae

132 255 190 299 enim
206 255 306 299 ecclesiae
322 255 428 300 vocabula
443 259 547 319 σύμβολον
559 256 580 299 11
591 261 652 309 atnoe
666 255 786 314 promiscue
801 256 913 312 usurpant,
929 254 1028 314 theologi

133 331 205 373 autem
225 329 323 385 priorum
344 330 472 387 temporum¹
487 327 555 387 (velut
569 327 590 372 J:
607 329 705 389 Cocceius
721 329 806 386 eiusque
823 328 932 389 discipuli)
954 328 1029 372 omnia

132 402 209 446 veteris
229 402 356 450 testamenti
375 401 476 445 instituta
495 401 522 444 ad
539 401 648 446 Christum
664 404 686 447 et
701 403 810 446 ecclesiam
826 403 894 446 abeo
917 401 1033 444 conditam,

133 475 229 520 referunt
244 490 315 533 neque
325 489 380 532 quac
390 474 552 530 uissymbolica
563 477 634 519 aetate
644 476 720 520 veteris
735 475 859 520 testamenti
874 475 899 518 in
915 474 941 517 111
957 473 1033 526 fuerit,

134 552 184 592 ante
201 547 335 604 perscrutati
357 550 413 592 sunt.
445 547 521 605 Itaque
541 549 665 604 symbolum
685 552 706 593 et
726 550 791 607 typus
811 548 927 607 diligenter
950 547 1028 591 distin-

134 620 220 680 guenda
240 624 298 665 sunt.
329 621 401 679 Atque
421 622 538 679 symbolam
558 637 591 665 res
607 624 644 674 est,
664 638 718 680 quae
733 623 773 666 sub
788 637 862 666 sensus
879 621 947 673 cadat,
969 621 1034 664 cuius

134 695 165 738 vis
181 710 227 739 non
243 695 319 751 specie,
341 694 489 747 seductione,
510 709 564 752 quae
583 695 622 739 sub
639 711 714 740 sensus
732 711 777 739 non
793 695 855 747 cadit,
877 710 902 738 ea
918 696 991 738 autem
1006 709 1034 738 re·

134 769 312 824 repraesentatur,
334 767 475 813 contineatur.
511 767 583 826 Tppas
599 784 632 812 res
648 771 686 823 est,
707 769 767 812 cuius
783 768 815 813 vis
830 767 929 811 sensibus
949 767 1030 825 percipi

134 856 183 885 non·
195 840 271 899 possit,
291 856 346 899 quae
361 840 459 885 futurum
470 841 537 898 ‘quasi
553 841 692 895 demonstret,
711 845 735 886 ut
750 841 807 885 idem
826 840 963 897 ,symbolum
978 855 1029 897 pro-

134 914 257 971 pheticum“
276 915 407 959 nominetur.

129 1023 130 1026 ’
197 1023 331 1081 Sipaificctio
347 1024 460 1083 symbolice
481 1023 551 1083 cultus
571 1025 657 1069 Mosaici
677 1040 722 1070 non
742 1026 812 1069 solum
832 1025 856 1068 in
877 1039 902 1068 eo
924 1024 1034 1069 consistit.

135 1096 193 1154 quod
214 1096 260 1140 eius
279 1096 385 1141 institutis
402 1098 422 1139 et
439 1096 516 1140 ritibus
537 1097 630 1142 rationes
646 1099 702 1142 inter
717 1098 824 1159 Hebraeos
840 1100 861 1141 et
877 1097 941 1141 deum
960 1097 1034 1141 111111-Π

135 1169 239 1223 cedentes,
256 1185 310 1227 quae
327 1169 425 1213 sensibus
441 1170 547 1214 subiectae
563 1186 607 1214 non
624 1174 681 1227 sunt,
697 1171 853 1230 exprimuntur,
874 1170 953 1229 sedeo
970 1172 1029 1215 cultu

135 1243 252 1301 singularis
267 1242 306 1286 illa
321 1242 461 1295 necessitudo,
477 1258 542 1300 quam
553 1242 621 1288 Jahve
637 1258 686 1288 cnm
702 1246 766 1302 gente
781 1244 847 1304 electa
859 1243 914 1297 iniit,
931 1243 944 1290 1,
956 1259 973 1290 e.
984 1243 1036 1287 foe*

136 1316 181 1368 dus,
198 1315 257 1374 quod
268 1330 317 1359 cum
328 1330 352 1359 ea
362 1315 406 1365 icit,
421 1317 453 1359 ita
468 1316 600 1373 exprimitur,
617 1320 642 1361 ut
657 1317 753 1361 sensibus
769 1317 848 1374 percipi
863 1317 940 1374 possit.
966 1316 1032 1361 Velut

135 1389 299 1432 tabernaculum
311 1388 431 1433 Mosaicum
447 1390 576 1451 (templum),
592 1389 650 1434 loeus
666 1390 710 1434 eius
726 1391 800 1443 cultus,
816 1390 854 1434 ubi
864 1389 935 1434 Jahve
945 1390 1031 1434 habitat

137 1465 158 1506 et
174 1477 196 1505 se
213 1462 285 1506 adesse
302 1464 399 1515 testatur,
419 1462 451 1506 ita
465 1462 591 1507 institutum
607 1466 645 1516 est,
665 1466 690 1521 ut
705 1479 758 1522 gens
773 1463 864 1520 peccabis
880 1463 1039 1521 contaminata..

135 1550 182 1578 non
206 1534 254 1592 ipsa
279 1535 306 1578 ad
331 1535 393 1580 deum
415 1535 479 1589 adire,
505 1536 541 1579 sed
566 1538 651 1579 tantum
672 1536 696 1579 111
717 1529 772 1580 11111
797 1539 847 1580 ante
871 1535 1031 1580 habitationem

136 1606 219 1651 Jahvae
230 1608 390 1652 communionis
400 1609 445 1652 eius
462 1609 674 1666 operasacerdotum
690 1609 796 1667 particeps
811 1610 859 1653 fieri
873 1609 948 1666 possit.
975 1609 1031 1653 Item

136 1681 259 1725 actionibus
276 1682 352 1735 cultus,
368 1682 433 1726 variis
449 1682 563 1739 generibus
578 1681 728 1726 sacrificiorum
742 1684 764 1725 et
778 1682 960 1739 purificationum,
977 1696 1036 1739 gens

136 1770 161 1798 eo
177 1754 297 1807 adducitur,
317 1757 343 1799 ut
359 1770 381 1798 se
396 1754 488 1812 peccatis
504 1770 517 1798 a
533 1754 572 1798 deo
593 1757 711 1812 separatam
731 1770 775 1798 esse
796 1755 881 1808 sentiat,
903 1754 962 1812 quod
982 1769 1031 1811 pec-

137 1830 185 1872 cata
205 1827 396 1885 impunitatemque
416 1827 491 1871 tollere
510 1827 593 1881 volunt,
614 1830 639 1871 ut
654 1827 746 1884 placatio
762 1827 795 1871 dei
812 1828 924 1886 efficiatur,
955 1827 1036 1884 Itaque

137 1902 205 1945 cultui
216 1900 311 1944 Mosaico
327 1900 510 1959 significationem
525 1901 666 1957 symbolicam
677 1901 780 1959 denegare
795 1915 842 1944 non
852 1900 919 1944 modo
935 1900 1037 1944 libidinis

136 1976 173 2026 est,
194 1974 231 2018 sed
252 1974 290 2031 qui
310 1989 358 2017 eam
378 1973 475 2031 denegat,
500 1973 626 2031 religionem
647 1973 724 2017 veteris
745 1973 869 2017 testamenti
890 1973 1037 2030 religionibus.

136 2047 254 2105 gentilium
274 2046 398 2090 interiorem
419 2060 464 2090 esse
484 2046 540 2099 dicit,
561 2061 651 2103 quarum
671 2045 753 2089 formae
774 2046 843 2089 cultus
865 2045 897 2105 (id
917 2046 976 2103 quod
991 2046 1037 2090 viri.
1093 2035 1094 2038 Ἴ

137 2120 195 2164 docti
210 2120 337 2164 recentioris
353 2119 429 2164 aetatis
439 2119 492 2163 satis
503 2118 685 2178 demonstrarunt)
702 2119 723 2162 11
733 2117 844 2175 religionis
860 2133 907 2162 non
923 2118 1036 2176 carebant„

137 2208 269 2254 quamquam
284 2193 311 2236 111
326 2207 373 2236 non
389 2193 482 2236 multum
498 2191 594 2236 veritatis
610 2192 701 2237 suberat.
728 2184 908 2248 Neque'dnbium
924 2194 962 2245 est,
978 2193 1036 2248 quin.

136 2266 206 2310 Moses
229 2268 294 2323 atque
316 2264 422 2309 doctiores
445 2265 490 2308 eius
512 2264 632 2322 aequalium
655 2264 708 2307 alius
729 2264 799 2321 magis
821 2265 863 2309 alio
891 2266 1038 2323 cognoverint

137 2339 207 2383 cultus
229 2339 311 2382 formas
334 2337 432 2381 sensibus
454 2337 560 2382 subiectas
583 2339 604 2380 et
625 2337 735 2394 religionis
755 2337 855 2382 notiones
875 2338 902 2381 iis
922 2327 1035 2394 expressas

136 2411 303 2470 distinguendas
325 2426 375 2464 esse,
398 2411 435 2454 sed
456 2410 580 2454 uniuersam
603 2414 689 2468 gentem
710 2410 838 2455 Hebraioam
859 2411 882 2455 id
905 2412 1038 2469 cognovisse>

136 2485 246 2529 affirmare
261 2484 298 2527 vix
314 2499 434 2540 possumus,

199 2594 336 2652 Siprziftcctto
351 2594 424 2651 typica
439 2593 510 2636 cultus
526 2591 613 2636 Mosaici
628 2592 693 2635 solius
707 2592 800 2650 propria
809 2595 842 2637 est
857 2607 928 2651 neque
944 2593 972 2636 ad
987 2594 1037 2637 for-¹

136 2683 183 2712 mas
206 2667 278 2711 cultus
299 2666 431 2723 religionum
453 2665 568 2724 gentilium
589 2665 691 2722 pertinet,
717 2680 844 2724 quamquam
872 2666 1038 2724 significatione

137 2741 258 2799 symbolica
273 2754 319 2783 non
336 2741 415 2784 carent.
447 2738 497 2782 llius
513 2740 584 2782 autem
601 2742 715 2792 causaest,
735 2739 792 2796 quod
808 2739 860 2783 deus
875 2739 980 2797 religione
996 2755 1032 2784 ve-

137 2815 189 2859 teris
209 2812 453 2858 testamentiinst'tuta
470 2811 553 2855 animos
572 2811 686 2855 hominum
703 2827 828 2870 praeparare
844 2812 920 2869 voluit,
942 2811 994 2856 dum
1009 2814 1033 2856 in

136 2902 205 2947 regno
230 2887 305 2931 divino
328 2885 381 2929 novi
402 2884 496 2928 vfoederis
518 2886 588 2928 totum
610 2899 632 2928 se
653 2885 763 2937 revelaret,
789 2888 897 2929 (uantum
918 2885 1033 2930 hominum

136 2945 233 3012 interest.
265 2960 337 3017 Atque
359 2959 383 3002 in
404 2972 461 3002 novo
483 2959 610 3001 testamento
631 2959 652 3002 et
671 2959 832 3002 narrationibus
851 2959 991 3017 personisque
1012 2962 1039 3002 et

137 3034 200 3078 rebus
216 3033 365 3090 institutisque
381 3030 465 3088 antiqui
480 3029 571 3074 foederis
585 3030 715 3089 significatio
731 3032 804 3088 typica
819 3032 956 3076 adscribitur.
977 3031 1035 3088 Typi

136 3106 215 3163 prioris
229 3106 316 3164 generis
333 3105 370 3166 (Jo
383 3107 486 3157 11111,
508 3102 563 3147 Rom
577 3107 643 3156 5,12.
665 3104 722 3148 Hebr
737 3109 819 3157 7,111.
841 3104 1034 3168 ΙΡ113,20.11,)Ἰ

137 3180 164 3224 ad
179 3179 237 3223 hanc
253 3178 422 3237 disputationem
437 3192 483 3221 11111
498 3176 616 3234 pertinent,
637 3177 673 3220 sed
688 3166 777 3221 tantum
789 3180 893 3234 typorum
909 3177 1038 3235 posterioris
