2218 3388
165 72 211 116 244
462 67 506 103 Pars
519 67 532 104 l.
555 67 687 112 Antiquitatcs
700 78 762 104 sacrae

231 193 335 241 ²Quand0
352 194 433 246 tempus
449 194 545 246 septimae
561 195 624 234 lunae
639 207 705 234 novae
721 194 763 234 dies
778 194 841 234 festus
857 196 905 235 novi
921 196 971 235 anni
987 197 1065 239 factum

165 256 198 305 sit,
215 255 314 296 constitui
329 268 371 295 non
386 256 457 306 potest.
477 255 552 307 Utique
569 255 591 294 id
608 268 651 295 soro
669 255 777 296 admodum
788 255 809 294 in
820 268 881 296 usum
892 257 956 308 recipi
968 260 1064 309 coeptum

164 319 201 365 est,
219 329 266 357 curn
281 316 303 356 in
318 318 386 356 vetere
402 318 522 357 testamento
538 329 643 367 nusquam
659 316 702 356 dies
718 317 782 356 festus
798 317 845 357 novi
862 318 910 357 anni
924 317 991 359 civilis
1009 332 1065 360 com-

164 380 291 418 memoretur
302 378 322 416 et
331 390 373 431 non
384 377 449 417 solum
459 377 481 418 in
491 377 556 426 libris,
569 378 664 429 quiante
677 376 770 417 exsilium
781 378 865 417 conlecti
878 381 932 427 sunt,
950 379 986 419 sed
1002 381 1065 423 etiam

164 439 187 478 in
203 439 257 478 libro
273 438 361 478 secundo
371 439 538 487 Maccahaeorum,
555 439 594 479 ubi
610 452 634 478 er
649 451 695 477 aera
711 438 841 478 Macedonum
858 441 878 479 et
889 440 994 491 Syrorum,
1012 456 1066 493 quae

165 500 191 539 ab
215 499 342 549 aequinoctio
365 499 476 539 autumnali
495 499 581 539 initium
604 499 658 551 capit
681 496 725 554 (11,
745 506 779 541 21.
800 504 832 542 33.
853 497 896 556 38),
919 514 1000 541 menses
1022 517 1065 544 non

166 561 216 600 anni
232 560 304 608 civilis,
322 560 357 600 sed
373 560 500 601 ecclesiastici
515 563 651 600 numerentur
673 559 738 616 (velut
754 560 804 599 Such
822 568 839 609 ν,
858 568 880 608 73
900 568 917 610 7,
938 569 956 604 l.
978 563 1027 603 Elath
1043 571 1066 613 2,

168 628 207 669 '163
226 628 245 670 3,
264 628 281 663 ν.
300 628 337 669 13,
356 627 375 669 a,
393 628 416 669 a;
434 628 452 670 a,
470 628 487 663 r.
518 622 589 661 laroc
606 628 625 670 a,
644 627 683 669 523
703 628 736 670 io,
755 627 794 669 21;
813 628 846 669 ro,
865 618 907 679 14).
924 647 955 652 -
971 624 1066 665 senseras

165 684 226 726 tract.
243 683 306 722 Roseb
321 682 422 722 lauaclroao
438 679 466 738 (la
481 681 507 731 H,
525 682 552 737 8).

232 780 280 818 ³ux
296 779 406 820 traditione
421 780 523 820 rabbinica
538 776 571 819 hic
588 780 631 820 dies
648 780 711 820 festus
727 779 836 820 institutus
852 780 933 820 eratin
944 783 1066 823 memoriam

167 840 277 881 creationis
292 841 365 886 mundi
376 854 443 881 mense
455 841 540 892 septimo
551 840 627 888 factac;
644 840 739 892 idemque
750 841 862 892 proximum
875 842 998 892 expiationis
1009 843 1062 884 diem

166 901 256 953 quodam
272 902 331 942 modo
347 903 523 953 praeparabat-
535 902 623 955 Olangor
639 913 712 941 cornus
728 898 808 941 arietini
823 897 843 941 id
860 903 971 954 spectabat,
988 906 1013 943 ut
1028 919 1067 956 po·-

166 963 230 1013 pulus
246 963 272 1002 ad
287 963 342 1002 hunc
358 975 446 1003 mensem
462 965 541 1014 praeter
552 963 603 1002 alios
615 963 762 1004 observandum
773 963 894 1003 excitaretur
905 964 969 1014 idque
979 969 1067 1017 propter
1080 957 1084 962 ’

147 1021 149 1024 ’
166 1024 226 1072 festa,
243 1037 296 1075 quae
315 1037 338 1064 ec
359 1024 454 1064 celebrari
476 1024 576 1063 solebant.
608 1024 638 1063 Er
658 1024 743 1064 aliorum
765 1024 857 1075 opinione
877 1025 1020 1073 bucinabatur,
1040 1030 1063 1067 ut

166 1085 257 1125 Hebraei
272 1085 309 1124 deo
325 1085 347 1124 in
362 1085 477 1124 memoriam
493 1085 645 1134 revocarentur,
661 1086 686 1124 ut
703 1097 724 1124 se
740 1085 768 1124 eis
785 1081 895 1136 propitium
910 1088 1007 1136 praestet.
1037 1089 1063 1127 Ut

166 1145 262 1197 plerique
278 1146 403 1185 Judaeorum
419 1145 507 1186 doctores
523 1145 656 1193 contendunt,
669 1146 751 1196 septimi
761 1146 835 1185 mensis
845 1147 952 1186 neomenia
964 1160 1063 1189 cornuum

167 1207 263 1258 clangore
279 1206 445 1254 annuntiabatur,
461 1207 484 1246 ut
499 1207 556 1246 Isaac
573 1207 598 1246 ab
615 1206 753 1247 immolatione
769 1206 849 1247 liberati
865 1208 927 1258 atque
938 1209 1008 1248 arietis
1020 1222 1067 1250 cer--

166 1268 237 1307 nubus
254 1267 337 1308 dumeto
354 1267 454 1307 haerentis
469 1279 504 1319 pro
521 1279 543 1306 ec
561 1267 670 1307 substituti
691 1268 833 1307 admoneretur
854 1264 886 1324 (of.
903 1268 921 1307 J.
938 1270 1062 1319 Burtori¹

167 1329 277 1380 Synagoga
291 1323 375 1367 Judaica
391 1341 406 1367 c.
424 1326 465 1383 24),
496 1328 576 1375 Quibus
598 1328 737 1379 adstipulatur
753 1329 859 1368 Thomas
875 1329 893 1370 S.
909 1330 938 1368 th.
957 1337 976 1379 1,
995 1337 1013 1373 2.
1030 1345 1066 1382 qu,

170 1395 219 1431 102.
232 1403 250 1431 a.
262 1396 281 1431 4.
293 1389 318 1428 ad
331 1396 369 1432 10:
386 1389 478 1437 „Festum
494 1390 593 1429 tubarum
604 1385 626 1427 in
642 1390 759 1429 memoriam
770 1389 895 1429 liberationis
906 1390 969 1439 Isaac,
982 1393 1066 1442 quando

167 1441 272 1490 Abraham
293 1450 373 1490 invenit
393 1450 475 1490 arietem
489 1451 609 1490 haerentem
625 1450 733 1498 cornubus,
756 1463 816 1501 quem
831 1452 1012 1501 repraesentabant
1028 1467 1063 1504 per

168 1524 252 1556 cornua,
268 1512 343 1561 quibus
364 1511 505 1551 buoinabant“.
537 1511 576 1550 Sed
597 1512 645 1550 haee
665 1511 732 1562 opinio
754 1511 815 1551 nullis
835 1511 909 1551 nititur
929 1508 1001 1553 solidis
1017 1514 1068 1553 fun*

168 1572 277 1613 dementis.

519 1689 598 1747 Caput
613 1691 714 1736 tertium

466 1819 506 1864 De
525 1829 601 1864 anno
621 1816 765 1863 sabbatiae

231 1958 251 2004 I.
279 1957 309 2000 Ut
328 1957 427 2013 periodus
447 1960 527 2013 septem
548 1957 632 2000 dierum
653 1959 674 2000 et
694 1956 807 2013 niensium,
827 1957 857 2000 ita
878 1957 943 2001 etiam
964 1958 1066 2013 periodus

168 2033 252 2087 septem
266 2045 373 2073 annorum
388 2030 442 2073 festo
458 2030 606 2074 concludenda
620 2032 671 2085 erat,
689 2045 760 2072 raiano
777 2030 920 2073 sabbatiae
937 2030 1005 2088 (lib-bb·
1018 2030 1062 2082 nrt),

168 2103 293 2147 Talmudice
309 2102 387 2155 normal,
408 2102 452 2150 Jcs.
473 2103 511 2147 Α]
530 2108 563 2156 14,
582 2107 646 2151 106
668 2090 912 2162 σαββατικὸςένννυτόςς
936 2108 971 2156 14,
994 2109 1028 2152 lb.
1049 2110 1062 2151 2

168 2179 306 2237 ἑβδοματινὸς
327 2178 426 2229 ἐνιαυτός
446 2176 483 2219 BJ
507 2183 524 2229 1,
541 2182 561 2224 2·
583 2183 598 2223 d-
619 2179 680 2236 ἀργὸν
701 2178 758 2229 ἔτος,
785 2176 810 2223 cf.
831 2176 869 2220 Α]
887 2181 921 2229 13,
939 2181 960 2224 8.
978 2183 990 2224 l
1012 2180 1062 2229 ἔτος,

167 2251 221 2296 καθ’
237 2253 248 2295 ὃ
265 2255 367 2310 συμβαίνει
383 2254 429 2301 τοὺς
444 2250 553 2302 Ἰουδαίους
570 2250 653 2309 ἀργεῖν).
677 2248 717 2301 Qui
733 2264 803 2292 annus
819 2265 830 2292 a
845 2250 961 2306 primodie
978 2249 1062 2306 septimi

168 2322 250 2366 mensis
265 2322 386 2378 incipiebat,
403 2337 444 2379 quo
460 2325 554 2379 tempore
571 2324 621 2378 post
637 2322 736 2365 collectas
751 2321 824 2379 fruges
841 2323 886 2380 agri
903 2323 930 2365 ad
948 2338 1062 2366 conseren-

168 2396 222 2439 dum
238 2396 310 2451 parari
325 2396 428 2441 solebant.
457 2395 487 2438 Ut·
499 2396 593 2453 populus
609 2395 713 2438 memoria
728 2398 816 2452 teneret,
833 2395 917 2440 Jabven
933 2411 978 2439 esse
995 2395 1062 2439 domi-

168 2485 224 2512 num
240 2471 314 2520 terrae,
331 2483 357 2511 ex
373 2469 419 2527 lege
435 2469 525 2512 Mosaica
541 2484 617 2512 omnes
640 2469 692 2526 agri,
710 2484 784 2512 omnes
799 2469 877 2522 vineae,
894 2470 969 2512 omnia
986 2469 1062 2512 oliveta

168 2543 270 2602 (fortasse
286 2542 351 2591 etiam
367 2540 434 2601 berti)
449 2557 486 2598 per
501 2542 624 2586 universam
641 2541 786 2585 Palaestinam
802 2543 906 2586 vacabant
922 2543 967 2585 sire
982 2542 1063 2585 inculta

167 2615 348 2672 relinquebantur
360 2618 418 2673 (βζνβῇ
430 2615 473 2655 bata
484 2616 596 2660 sabbatam
608 2620 678 2658 rarae
689 2615 720 2657 Lv
731 2603 765 2668 25,
778 2620 797 2662 6,
814 2615 838 2659 cf.
849 2621 952 2675 σάββατον
964 2617 989 2677 ἠν
1000 2626 1024 2675 τῇ
1036 2624 1062 2672 γῆν

167 2689 178 2732 l
196 2688 243 2731 atae
260 2692 280 2740 6,
296 2691 339 2745 49).
372 2687 436 2730 Nulla
452 2693 495 2731 erat
506 2689 586 2740 aratio,
603 2688 677 2731 nullus
693 2688 802 2732 vinearum
820 2689 894 2740 cultus,
911 2688 973 2731 uuila
990 2686 1062 2729 messis

168 2765 207 2805 aut
223 2761 337 2808 vindemia.
370 2760 475 2818 Quidquid
494 2769 532 2805 sua
553 2765 633 2818 sponte
649 2762 758 2805 crescebat
766 2766 780 2814 1,
796 2761 875 2805 nullius
891 2761 1011 2819 proprium,
1027 2758 1062 2802 scd

168 2835 270 2879 omnium
286 2849 399 2877 commune
415 2836 459 2877 erat
471 2851 495 2878 ac
509 2834 624 2892 praecipue
635 2834 753 2892 egentibus,
769 2834 892 2892 peregrinis,
908 2834 960 2878 feris
970 2831 1062 2889 relinqui

168 2908 290 2965 oportebat.
323 2907 392 2960 Quare
403 2907 419 2950 si
435 2908 480 2965 quis
496 2923 521 2951 eu
533 2908 592 2965 agris
603 2908 627 2950 iu
639 2923 702 2950 suum
718 2921 845 2964 suorumque
862 2908 990 2951 alimentum
1007 2905 1061 2949 aedi-

167 2983 209 3025 bus
226 2975 308 3038 aliquid
323 2980 402 3041 intulit,
418 2995 462 3023 non
483 2980 507 3024 de
523 2996 568 3032 suc,
586 2979 623 3023 sed
646 2979 671 3022 de
686 2980 772 3035 putueo
789 2982 810 3023 et
825 2981 935 3023 communi
951 2980 974 3022 id
990 2992 1061 3032 sump-

167 3055 221 3098 sisse
237 3054 355 3100 videbatur.
386 3052 456 3110 Atque
471 3069 497 3096 ne
511 3053 606 3115 ‘Hebraei
627 3052 715 3095 solliciti
735 3055 811 3104 essent,
832 3052 888 3096 uncle
909 3068 969 3096 rinno
986 3051 1061 3095 sabba-

167 3129 211 3171 tico
233 3142 267 3170 res
288 3127 315 3170 ad
335 3126 450 3171 vivendum
470 3125 599 3169 necessarias
621 3140 704 3168 sumere
725 3127 817 3181 possent,
834 3125 902 3169 Jahve
924 3124 1026 3183 promisit
1041 3136 1061 3164 se
