2218 3388
135 123 166 167 46
432 118 478 155 Pars
491 118 506 155 I.
526 118 658 165 Antiquitates
671 130 736 155 sacrae
767 136 769 140 ·

137 242 204 302 orum)
220 245 327 286 institutos
347 257 388 285 esse
409 244 542 293 contendunt,
564 246 640 298 quippe
657 258 704 286 cum
719 245 807 285 Hebraei
824 256 871 286 cum
887 244 971 285 Minaeis
988 245 1031 284 arte

137 306 240 347 coniuncti
255 306 332 347 fuerint
347 306 367 345 et
382 306 405 345 in
421 320 445 346 ea
460 309 518 357 parte
534 307 599 347 terrac
615 307 700 355 Oanaan,
718 320 770 359 quae
786 306 811 346 ad
827 305 931 347 meridiem
947 307 1030 357 spectat,

135 370 158 407 01
173 367 228 419 apud
244 380 310 407 omnes
326 379 359 407 eas
375 368 452 419 gentes,
472 381 523 418 quae
538 368 593 407 inter
608 381 663 408 mare
679 371 785 409 mortuum
801 368 821 408 et
837 368 906 407 sinum
921 366 1031 407 Arabicum

137 428 261 477 habitabant,
284 428 393 468 auctoritas
409 428 534 468 Minaeorum
556 442 592 480 per
608 429 687 469 saecula
703 430 793 470 multum
809 427 901 469 valuerit.
932 428 958 467 Et
973 428 1030 468 inve-

137 490 224 529 niuntur
239 490 261 529 in
276 489 375 541 religione
390 489 592 530 Hosaica'nonnulla
607 490 706 532 vocabula
725 489 876 541 nonnullasque
892 488 1030 538 caerimoniae,

138 563 188 601 quae
209 549 269 590 etiarn
290 550 343 602 apud
359 551 435 590 Arabes
452 549 547 602 antiquos
568 550 753 602 deprehenduntur.
786 550 856 602 Neque
877 551 945 590 tamen
966 563 990 589 ex
1005 550 1030 590 iis

135 612 222 663 aliisque
237 611 297 652 rebus
314 611 339 651 ad
355 612 435 652 cultum
451 611 607 663 pertinentibus,
623 626 676 664 quae
691 612 788 653 Hebraeis
805 625 851 651 cum
861 611 962 651 trabibus
978 611 1030 651 anti·
1073 621 1075 627 ·

138 672 184 722 quis
200 685 315 713 communes
331 675 385 720 sunt,
402 672 454 726 effici
466 672 533 723 potest
543 672 644 713 Hebraeos
660 673 682 713 in
697 673 796 725 religione
812 673 877 713 multa
893 673 918 713 ab
929 671 1031 713 trabibus

136 733 238 785 recepisse.
269 733 320 773 Nam
336 733 426 785 primurn
441 733 589 784 respiciendum
605 736 637 773 eat
648 734 747 785 quasdam
763 733 908 774 similitudines
924 734 1031 773 nominum

135 797 157 835 et
173 794 276 834 actionum
292 806 395 835 sacrarum
416 795 437 834 et
452 794 585 846 supellectilis
603 807 669 835 sacrae
690 795 710 835 et
732 794 873 835 ministrorum
889 806 991 835 sacrorum
1007 807 1030 834 er

137 868 211 907 magna
226 855 350 907 cognatione,
366 868 417 907 quae
433 868 468 895 eae
483 856 553 907 gentes
565 868 675 907 earumque
690 856 772 909 linguae
788 856 842 896 inter
858 868 878 895 se
892 855 1029 905 continentur,

136 916 234 969 explicari
248 929 313 968 posse.
344 916 420 957 Deinde
440 916 473 956 hic
490 928 522 956 res
539 917 631 957 externas
652 918 734 956 tantum
750 919 838 968 etquae
857 917 915 968 parvi
931 917 973 956 sint
987 929 1031 956 mo-

136 978 201 1018 menti
217 977 249 1030 agi
264 977 394 1017 manifestum
410 978 446 1025 est,
463 976 538 1028 quibus
554 977 615 1018 rebus
632 978 701 1030 legum
712 979 787 1027 auctor,
805 991 851 1019 cnm
867 990 899 1018 eas
915 977 937 1017 in
953 978 1030 1017 cultum

136 1038 220 1089 recepit,
236 1052 281 1078 eam
296 1038 336 1079 vim
353 1038 415 1087 dedit,
432 1051 483 1089 quae
498 1038 524 1078 iis
540 1038 562 1078 in
578 1037 655 1079 Jahrae
671 1039 730 1079 cultu
744 1039 805 1079 inest.
837 1038 927 1090 Denique
942 1038 1030 1079 auctori-

136 1100 169 1139 tas
185 1099 341 1151 inscriptionum
361 1099 384 1138 in
398 1098 475 1139 Arabia
495 1099 561 1139 adhuc
580 1099 712 1139 inventarum
727 1112 750 1140 eo
767 1100 905 1141 vehementius
926 1100 1030 1140 imminui-

136 1162 178 1209 tur,
200 1161 254 1212 quod
273 1161 392 1212 plerumque
413 1159 493 1200 definiri
513 1172 555 1199 non
574 1162 649 1211 potest,
672 1157 753 1212 quando
769 1162 824 1201 ortae
841 1161 887 1201 sint.
919 1160 1030 1208 (1110111111-

137 1222 208 1273 primis
221 1221 273 1261 cadit
286 1221 307 1260 in
321 1222 362 1260 tres
377 1221 424 1260 illas
438 1220 578 1273 inscriptiones
589 1221 683 1270 Minaeas,
700 1222 737 1262 ubi
752 1222 836 1262 nomina
851 1221 904 1261 lcwt’
921 1223 942 1261 01
957 1220 1036 1262 1111111111,

137 1283 221 1323 inventa
240 1283 289 1322 sunt
309 1277 434 1338 (dequibus
452 1281 505 1322 infra
521 1278 626 1337 dicemus).
658 1283 719 1323 Initio
739 1295 772 1322 eas
793 1282 873 1323 duobus
893 1282 975 1323 milibus
996 1296 1031 1323 an-

137 1356 211 1383 nornm
226 1356 243 1386 a,
254 1343 287 1383 ch.
299 1356 325 1390 n,
342 1342 414 1383 deinde
430 1356 482 1382 anno
499 1357 515 1386 1,
527 1342 561 1382 ch.
571 1357 591 1383 n.
607 1343 723 1392 millesimo,
739 1343 821 1383 tandem
838 1343 894 1384 sento
910 1345 947 1383 aut
958 1344 1031 1395 quinto

138 1418 155 1445 a.
172 1404 205 1445 ch.
221 1419 240 1445 1.
257 1404 336 1445 saeculo
353 1403 454 1444 exstitisse
470 1403 548 1444 dictum
564 1406 600 1443 est.
632 1404 697 1451 (luere
718 1405 765 1444 illae
782 1403 927 1445 similitudines
943 1405 1030 1445 1111011-

137 1466 218 1517 gionem
233 1465 358 1517 pertinentes
373 1465 460 1505 fortasse
475 1464 504 1504 itu
520 1465 653 1516 explicantur,
674 1467 699 1505 ut
714 1478 756 1505 non
771 1465 858 1505 Hebraei
873 1465 948 1506 formas
963 1467 1031 1507 cultus

137 1526 268 1576 llinaeorum,
285 1525 320 1566 sed
335 1526 408 1566 Minaei
423 1525 497 1565 formas
513 1526 582 1567 cultus
598 1526 737 1567 Hebraeorum
752 1526 828 1566 imitati
844 1527 891 1566 sint.

198 1598 238 1639 Alii
254 1598 370 1638 existimant
385 1598 487 1639 Hebraeos
504 1598 615 1640 nonnullos
631 1599 685 1639 ritus
701 1610 767 1638 sacros
784 1612 796 1638 a
811 1599 955 1639 Cananaeis
976 1613 1030 1640 rece-

136 1660 196 1711 pisse.
228 1659 282 1707 (luae
298 1659 365 1711 opinio
381 1659 463 1711 probari
478 1658 511 1698 vix
528 1661 600 1710 potest.
632 1659 685 1699 Nam
701 1659 749 1700 haec
765 1661 816 1700 bene
832 1660 959 1711 respicienda
975 1663 1030 1705 sunt¹

136 1721 162 1760 11
178 1721 235 1760 cultu
250 1721 338 1761 humano
354 1720 449 1772 civilique
466 1732 588 1771 quamquam
604 1721 670 1760 multa
680 1720 778 1761 Hebraeis
795 1733 841 1760 cum
852 1720 961 1761 Cananaeis
977 1734 1030 1762 com-

138 1781 208 1822 munia
223 1783 286 1831 erant,
308 1781 329 1821 id
350 1781 405 1832 quod
425 1780 502 1821 mirum
523 1793 565 1820 esse
585 1794 627 1820 non
642 1783 717 1832 potest,
739 1780 837 1832 quoniam
852 1781 939 1822 Hebraei
954 1796 1030 1834 nequa-

137 1856 198 1894 quam
220 1857 231 1882 a
253 1844 311 1882 cultu
332 1843 420 1882 humano
437 1841 533 1893 civilique
552 1841 696 1891 abhorrebant,
719 1845 789 1883 tamen
809 1842 869 1882 etiam
891 1843 945 1883 haud
965 1856 1031 1894 qrauca

137 1903 192 1943 inter
212 1904 319 1955 utramque
339 1905 420 1955 gentem
441 1903 559 1945 intererant,
590 1904 618 1942 At
638 1903 686 1944 licet
707 1903 730 1943 in
751 1904 809 1943 cultu
829 1903 918 1944 humano
935 1904 1042 1955 civilique*

139 1964 237 2004 Gananaei
259 1964 313 2015 apud
337 1964 440 2005 Hebraeos
466 1963 586 2004 auctoritate
607 1964 655 2015 plus
677 1964 788 2012 valuerint,
815 1978 876 2016 quam
898 1965 1031 2005 demonstrari

136 2027 212 2078 potest,
227 2025 274 2065 inde
290 2027 359 2064 tamen
374 2024 510 2077 colligendum
526 2026 608 2065 nonest
621 2023 763 2066 auctoritatem
774 2025 924 2065 Gananaeorum
934 2026 996 2066 etiam
1006 2026 1031 2065 ad

138 2086 250 2139 legitimam
265 2082 383 2137 religionem
399 2086 536 2126 Hebraeorum
552 2086 682 2138 pertinuisse.
714 2087 767 2126 Nam
782 2086 867 2126 minime
882 2087 1031 2139 neglegendum

138 2150 170 2187 est
189 2147 291 2187 Hebraeos
310 2147 367 2187 haud·
383 2147 444 2187 dubie
463 2147 486 2186 in
505 2147 659 2196 Oananaeorum,
680 2147 756 2199 quippe
778 2148 813 2198 qni
834 2148 891 2187 cultu
912 2148 973 2199 atque
993 2148 1031 2188 1111-

137 2207 235 2248 manitate
250 2208 276 2247 iis
292 2208 357 2247 multo
373 2209 507 2259 praestarent,
529 2207 638 2259 imperium
655 2208 795 2260 dicionemque
817 2221 945 2249 concessuros
961 2209 1030 2257 fuisse,

138 2269 177 2310 nisi
197 2268 294 2321 religione
315 2281 378 2308 suaa
395 2269 545 2309 Gananaeorum
565 2269 657 2308 moribus
678 2269 753 2310 servati
774 2272 847 2310 essent.
868 2269 946 2322 Religio
962 2271 1034 2310 autem

138 2330 215 2370 Jabvae
231 2330 249 2369 si
263 2329 361 2369 Hebraeis
382 2330 436 2370 tanti
456 2331 500 2370 erat
520 2330 624 2377 momenti,
646 2330 686 2370 dici
701 2343 743 2371 non
762 2330 843 2382 oportet
858 2331 960 2371 Hebraeos
979 2330 1031 2371 ritus

138 2403 204 2431 sacros
226 2404 237 2429 a
259 2389 367 2430 Oananaeis
388 2393 492 2431 mutuatos
514 2393 565 2440 esse,
590 2391 632 2430 nisi
652 2390 768 2431 firmissima
793 2394 913 2443 argumenta
936 2392 980 2431 eius
1001 2392 1032 2432 rei

138 2452 206 2492 afferri
221 2452 312 2503 possunt.

199 2525 254 2572 (luae
270 2537 315 2564 oum
332 2524 361 2563 ita
376 2525 424 2573 sint,
442 2537 465 2564 ex
480 2524 542 2565 variis
558 2525 600 2564 illis
618 2525 724 2565 conatibus
740 2524 851 2564 formarum
868 2525 936 2564 cultus
948 2524 1031 2565 Mosaici

139 2586 164 2626 ab
181 2586 249 2637 aliqua
269 2586 329 2637 gente
349 2585 475 2625 idololatriae
496 2585 563 2625 dedita
583 2586 740 2636 repetendarum
760 2585 813 2625 nihil
828 2585 921 2634 efficitur,
943 2598 983 2636 qno
999 2598 1031 2625 10-

138 2647 270 2699 quiescamus.
301 2646 372 2697 Neque
394 2659 433 2694 eas,
454 2646 472 2686 si
487 2648 529 2686 tam
545 2649 614 2697 aperte
635 2659 681 2686 cum
697 2647 755 2687 cultu
775 2647 876 2698 Aegyptio
892 2648 1032 2699 congruerent,

138 2711 163 2747 ut
178 2708 273 2749 nonnulli
288 2707 328 2747 viri
344 2707 419 2747 eruditi
435 2707 540 2755 affirmant,
557 2706 591 2746 alii
607 2707 632 2746 ab
649 2707 687 2747 alia
702 2710 763 2758 gente
780 2708 852 2747 ducere
868 2709 995 2749 conarentur.
1012 2707 1032 2747 si

139 2769 203 2822 igitur
219 2769 331 2820 quaeritur,
352 2781 402 2807 num
423 2768 468 2818 quis
488 2768 540 2807 ritus
556 2768 662 2819 religionis
677 2768 776 2808 lllosaicae
792 2781 815 2807 ex
830 2768 906 2808 ritibus
923 2769 1032 2821 gentilium

138 2832 232 2881 receptus
249 2830 281 2878 sit,
298 2843 377 2869 summa
393 2829 460 2868 0111110
476 2828 591 2868 adhibenda
607 2831 644 2871 est.

199 2928 360 2971 1111111111,-
380 2927 410 2966 Ex
430 2926 456 2966 iis
476 2926 526 2966 viris
541 2926 613 2974 doctis,
636 2925 672 2977 qui
692 2927 803 2967 recentiore
825 2928 891 2966 aetate
912 2927 1032 2978 perscrutati

139 2989 193 3037 sunt,
210 3002 261 3040 quae
277 2988 328 3029 ratio
344 2987 439 3040 religioni
455 2987 552 3027 Mosaicae
573 2999 620 3027 cum
636 2987 708 3031 ceteris
724 2987 859 3039 religionibus
880 2988 963 3027 orientis
979 2982 1032 3027 auti·

140 3050 176 3100 qui
191 3049 307 3098 intercedat,
329 3061 508 3089 commemoramus
524 3048 546 3089 H.
563 3047 656 3097 Sellin,
677 3048 715 3087 Die
731 3047 925 3088 alttestarnentliche
940 3048 1033 3100 Religion

138 3110 168 3150 im
183 3111 273 3150 Rahmen
288 3111 323 3150 der
339 3111 417 3150 andern
434 3109 626 3150 altorientalischen.
658 3109 739 3161 Leipzig
757 3115 826 3158 1908,
847 3109 871 3150 A.
891 3109 1032 3160 Dufonrcq,

138 3171 229 3211 Histoire
240 3173 342 3224 compai'e'e
351 3171 386 3212 des
396 3169 494 3223 religione
505 3176 601 3224 patennes
613 3170 666 3210 etde
677 3171 697 3209 la
708 3169 794 3222 religion
802 3169 881 3221 jnive3.
896 3170 1032 3219 Paris19083
