2147 3361
258 105 356 143 Institutio
369 103 610 146 ministrorumsacrorum
623 112 724 147 eorumque
738 99 811 137 ordines
943 103 987 154 149

150 236 263 276 Adnototlo.
285 255 315 262 »-
337 230 412 271 Seriem
435 241 563 269 summorum
585 228 703 279 pontificum
724 227 834 268 seeundum
850 225 986 266 traditionem

90 301 227 342 Hebraeorum
249 293 344 334 exhibent
366 289 501 341 reseptos
525 287 569 346 (qui
592 290 630 329 At
647 295 680 337 20,
694 296 720 331 10
734 288 768 328 ab
784 290 853 329 Aaron
873 298 941 338 usque
959 286 986 326 ad

87 359 188 411 templum
204 370 215 394 a
231 355 308 395 Salomo
324 352 451 392 exstructum
467 349 570 398 tredecim,
594 352 661 390 stante
683 350 720 390 hoo
741 347 985 401 temploduodevtginti,

90 422 156 461 stante
171 417 248 467 templo
270 413 358 454 secundo
377 410 527 463 quinquaginta
548 411 603 458 duos,
624 410 646 449 in
662 424 739 450 summa
755 410 858 462 octoginta
873 411 916 449 tres
933 421 985 460 pon-

89 482 152 522 tifices
164 473 288 527 enumerat);
306 472 456 514 chronicon
471 471 594 522 paschale
610 472 668 510 MSG
681 477 714 519 92,
727 477 776 513 461.
789 477 839 513 464,
853 476 913 518 508.;
930 470 985 510 liber

87 541 168 582 ,Sedes
189 537 261 577 olam.
297 536 326 574 De
347 532 485 586 pontificibus,
507 532 543 582 qui
564 532 589 571 ab
609 532 688 579 Herode
703 533 775 584 Magno
795 544 862 582 usque
883 532 909 571 ad
928 532 984 570 inte-

90 603 152 641 ritum
168 597 258 639 ciuitatis
274 595 370 642 Judaioae
386 594 477 641 luerunt,
494 592 563 633 videas
574 592 596 633 E.
613 594 723 633 Sohtirer
738 593 761 632 in
772 592 834 632 stur
844 592 901 641 XLV,
917 598 983 640 1872,

88 666 214 705 -597-607,

148 801 174 858 b)
200 799 268 856 Supra
278 797 371 841 diximus
386 811 460 847 unum,
477 794 609 851 nonplures
625 794 699 838 eodem
714 797 808 851 tempore
828 795 983 851 pontificatum

88 873 186 917 tenuisse.
209 870 269 924 Quod
285 886 334 914 cum
351 871 432 913 certum
448 868 475 912 sit
486 870 550 925 atque
565 866 717 919 indubitatum,
729 867 843 924 quaeritur,
860 868 982 924 quomodo

88 944 256 1003 intellegendum
272 943 300 986 sit
315 942 449 986 illud'Lucae
460 945 480 995 3,
493 946 518 988 2:
535 942 567 987 ἐπὶ
577 942 696 1001 ’ἀρχιερέως
705 938 772 988 Ἄννα
787 945 823 986 unt
833 940 922 1001 Καϊάφα
938 942 982 998 ἐγέ-

84 1037 131 1066 νετο
148 1018 204 1080 ῥῆμα
219 1021 271 1062 daeo
287 1021 332 1063 urb.
364 1015 396 1057 De
412 1030 504 1072 quorum
521 1014 635 1057 uerborum
651 1013 673 1057 vi
688 1027 794 1056 sacrarum
805 1012 982 1062 'l'tterarurnin-

85 1090 190 1145 terpretes
205 1088 229 1131 in
245 1089 363 1131 contrarias
379 1087 498 1131 sententias
514 1085 631 1137 discedunt.

148 1202 215 1252 Atque
232 1202 280 1240 suut
296 1200 333 1250 qui
348 1202 422 1252 putent
438 1199 591 1251 corruptissimo
607 1199 645 1239 illo
661 1195 745 1246 saeculo,
763 1212 803 1249 quo
820 1193 882 1238 etiam
899 1199 983 1251 pontifi-

86 1264 145 1301 catus
162 1261 237 1301 venalis
254 1263 302 1309 erat,
320 1261 371 1300 duos
387 1260 490 1301 simulari
504 1260 562 1301 ,illam
574 1259 695 1311 dignitatern
705 1259 803 1299 admissos
820 1272 863 1300 esse
879 1260 943 1311 idque
960 1274 984 1300 er

88 1322 172 1361 avaritia
187 1321 303 1373 praesidum
319 1315 460 1369 Romanorum,
481 1324 550 1361 tamen
571 1323 640 1360 contra
655 1323 747 1361 veterum
762 1320 904 1361 Hebraeorum
920 1321 983 1360 insti-

87 1384 162 1422 tutum.
194 1373 235 1421 Sed
249 1394 294 1421 oum
310 1383 358 1421 haec
374 1395 430 1422 mera
445 1381 608 1430 sitconieotura,
629 1382 686 1422 nullo
701 1394 784 1432 prorsus
800 1378 918 1423 testimonio
935 1394 982 1432 con-

88 1442 171 1491 firmata,
187 1442 245 1481 facile
261 1455 272 1481 a
288 1443 340 1499 viris
353 1443 416 1483 doctis
433 1443 540 1493 repudiata
556 1444 591 1482 est.

147 1526 246 1565 Nonnulli
262 1528 379 1567 existimant
394 1527 534 1578 pontificatum
550 1541 573 1567 eo
589 1529 679 1579 tempore
695 1541 848 1576 annuum,.non
858 1530 982 1580 perpetuum
1028 1570 1029 1576 ,

87 1586 155 1626 fuisse.
186 1587 214 1625 Eo
229 1587 295 1639 igitur
311 1601 369 1636 anno,
393 1588 474 1639 dequo
495 1589 560 1628 Lucas
576 1589 663 1639 scripsit,
685 1589 753 1628 Annas
768 1602 853 1629 munere
868 1589 983 1640 pontificali

87 1659 107 1685 se
124 1646 230 1695 abdicasse,
250 1647 352 1699 Kaiaphas
373 1648 394 1687 id
416 1662 536 1701 aggressum
552 1662 596 1689 esse
613 1650 706 1697 ereditur,
728 1652 752 1690 ut
767 1651 854 1701 uterque
874 1652 930 1690 recte
947 1663 982 1701 ap-

86 1707 198 1761 pellaretur
213 1708 309 1757 prontil'er.
340 1710 408 1760 Atque
425 1710 498 1760 opinio,
522 1711 576 1750 unde
591 1711 641 1750 haee
657 1710 763 1761 explicatio
779 1710 865 1751 deducta
882 1712 919 1759 est,
941 1724 984 1751 non

83 1768 162 1806 temere
178 1768 244 1817 posita
260 1781 303 1808 esse
319 1769 407 1817 videtur3
424 1784 471 1809 nam
487 1771 548 1810 etiam
564 1771 586 1810 in
597 1772 692 1811 Talmude
702 1771 831 1822 pontificatus
848 1772 912 1811 annui
928 1772 983 1811 clara

87 1826 110 1865 fit
125 1828 207 1885 mentio.
229 1829 271 1875 Qua
287 1831 355 1869 autem
371 1831 437 1870 aetate
454 1844 477 1870 ea
493 1833 618 1872 consuetudo
630 1832 746 1881 obtinuerit,
762 1846 835 1884 parum
852 1834 937 1873 constat.
959 1832 983 1872 ld

87 1888 155 1926 tamen
171 1890 248 1928 certum
265 1893 296 1930 est
312 1892 376 1930 aetate
388 1891 463 1931 Christi
480 1905 523 1931 eam
539 1906 580 1933 non
596 1893 692 1945 viguisse,
705 1893 868 1945 quandoquidem
880 1894 983 1945 Kaiaphas

87 1959 123 1996 per
139 1947 206 1987 decem
222 1962 284 1989 annos
300 1951 442 2001 pontificatum
460 1953 546 2003 gessisse
563 1967 586 1992 er
598 1954 685 2005 Josepho
696 1950 741 2009 (AJ
754 1960 787 2003 18,
801 1961 819 1997 2.
833 1962 856 2002 23
874 1960 909 2004 18,
927 1960 947 1997 4.
960 1951 982 2010 3)

87 2010 159 2046 notum
175 2010 211 2055 est,
228 2012 252 2049 ut
268 2011 335 2060 opinio
350 2011 387 2052 illa
402 2012 544 2062 pontificatum
560 2026 651 2054 annuum
667 2015 729 2055 luisse
744 2015 765 2054 in
782 2029 825 2055 eam
837 2017 922 2055 aetatem
940 2029 983 2055 uon

84 2067 179 2116 quadrat.
211 2069 288 2109 Deinde
304 2071 325 2110 id
341 2085 421 2123 quoque
437 2073 512 2114 falsum
529 2077 561 2114 est
576 2075 677 2126 Kaiaplras
693 2076 784 2127 pontifici
799 2078 868 2116 Annas
884 2077 983 2117 continuo

88 2128 206 2189 successisse
223 2130 332 2182 eodemque
349 2146 401 2172 anno
417 2134 442 2172 ad
460 2132 708 2188 summumsacerdotium
720 2137 857 2185 adscendisse3
874 2139 922 2177 nani
938 2139 982 2177 tres

84 2187 138 2225 alios
154 2188 258 2238 pontifices
275 2187 362 2245 (Ismael,
386 2194 472 2241 Eleazar,
497 2194 575 2252 Simon)
598 2198 652 2236 inter
668 2199 736 2237 Annas
757 2199 777 2237 et
796 2197 899 2250 Kaiaphas
916 2199 982 2237 inter-

87 2248 168 2286 cessisse
185 2262 196 2287 a
211 2248 298 2301 dosepho
316 2249 361 2308 (AJ
380 2260 412 2302 18,
426 2261 444 2296 2.
458 2254 479 2310 2)
495 2257 605 2297 memoriae
620 2258 713 2298 traditur.

139 2332 188 2399 ¹Alii
207 2334 322 2393 existimant
344 2338 404 2377 etiam
430 2352 470 2389 eos,
498 2341 534 2391 qui
556 2337 635 2382 summo
655 2343 773 2394 pontificatu
794 2344 896 2395 perfuncti
917 2346 982 2393 erant,

84 2391 190 2459 pontifices
212 2395 322 2445 appellatos
344 2410 396 2446 esse,
419 2413 460 2450 qua
480 2414 502 2440 re
523 2403 575 2442 nihil
596 2416 638 2444 esse
660 2404 734 2444 certius
751 2417 775 2444 ex
790 2405 878 2457 dosepho
895 2405 982 2455 aliisque

88 2453 220 2502 sumptoribus
232 2459 321 2505 apparet,
342 2458 441 2499 Nonnulli
458 2463 584 2502 contendunt
594 2466 664 2504 Annas
680 2463 777 2522 ἀρχιερέα
793 2466 920 2517 appellatum
931 2478 982 2514 esse,

87 2523 218 2579 cumsomnes
235 2518 315 2566 cognati
330 2519 432 2568 pontificis
449 2519 552 2578 ἀρχιερεῖς
573 2525 732 2574 nominarentur,
754 2527 823 2566 Annas
840 2529 909 2566 autem
926 2539 982 2566 socer

86 2572 187 2637 pontilicis
208 2575 308 2627 Kaiaplras
328 2578 406 2618 fuisset.
438 2582 556 2633 Complures
577 2584 647 2625 dicunt
662 2587 760 2626 vicarium
777 2588 849 2627 summi
870 2587 982 2634 sacerdotis

87 2636 184 2700 upprepe'o.
204 2638 298 2676 vocatum
319 2651 366 2687 esse,
388 2641 456 2681 Annas
477 2643 541 2695 igitur
562 2646 660 2686 vicarium
676 2647 777 2699 pontificis
800 2650 861 2698 atque
881 2648 904 2686 in
920 2648 982 2687 sacris

85 2692 199 2733 adiutorem
210 2695 310 2748 Kaiaplras
326 2699 395 2740 fuisse.
422 2702 476 2748 Quae
492 2705 534 2744 tres
550 2706 657 2756 opiniones
673 2709 759 2760 speciem
774 2709 817 2748 veri
834 2709 882 2747 illae
899 2708 982 2759 quidem

87 2752 175 2822 liabent,
188 2755 222 2794 sed
243 2762 349 2809 propterea
370 2762 452 2812 probari
472 2777 514 2804 non
530 2770 623 2817 possunt,
645 2769 698 2819 quod
721 2771 745 2809 ab
767 2769 892 2820 evangelista
909 2769 981 2809 Annas

87 2814 177 2882 pontifici
193 2816 294 2869 liaiaplras
315 2822 453 2872 praeponitur,
476 2838 521 2864 cum
537 2828 635 2878 pontifex,
652 2830 687 2880 qui
702 2843 785 2869 munere
801 2831 842 2868 iam
857 2830 982 2881 perfunctus

84 2880 135 2939 erat,
153 2887 236 2926 eiusque
258 2881 338 2931 cognati
358 2885 379 2921 et
397 2884 484 2924 vicarius
506 2888 601 2937 pontifice
621 2890 665 2941 ipso
685 2890 787 2930 interiores
807 2887 871 2930 fnisse
893 2891 983 2942 putandi

84 2939 134 3000 sint.
165 2935 271 3005 Praeterea
287 2943 363 2981 certum
381 2945 411 2983 est
434 2949 564 2988 acommuni
581 2951 726 2991 consuetudine
747 2951 852 2990 abhorrere
874 2964 939 2992 annos
957 2953 982 2992 ab

87 2992 270 3064 attruonponrifiee,
287 3002 323 3052 qui
338 3016 478 3046 muner-esus
487 3008 606 3058 perfunctus
622 3013 658 3059 est,
675 3013 710 3050 aut
726 3011 825 3062 pontificis
842 3014 983 3064 cognatoaut

84 3064 130 3092 erus
146 3068 220 3125 vicario
237 3063 346 3112 numerari,
367 3064 429 3105 immo
450 3080 497 3107 uero
518 3071 642 3121 temporaa
662 3072 775 3111 nominibus
791 3084 866 3122 eorum,
888 3074 926 3124 qui
942 3074 984 3125 ipsi

86 3113 147 3153 rebus
164 3128 224 3157 sacris
240 3126 354 3175 praeerant,
372 3125 475 3174 denotata,
485 3131 534 3169 sunt
885 3128 886 3132 ¹
