2147 3361
332 836 426 901 Pars
449 835 610 901 secunda
650 886 651 889 ,

176 1012 235 1081 De
261 1009 573 1101 antiquitatibus
598 1008 766 1101 priuatis

84 1208 108 1246 In
124 1206 262 1247 describendis
282 1205 442 1258 antiquitatibus
461 1206 547 1257 privetis
564 1205 665 1258 agendum
681 1208 712 1246 est
730 1204 820 1257 primurn
836 1204 918 1246 (16116

23 1269 109 1315 rebus
132 1280 198 1318 quae
215 1266 343 1307 advitam
358 1267 529 1307 necessariae
546 1270 620 1307 sunt:
641 1267 667 1306 de
683 1265 795 1315 domiciliis,
816 1265 840 1305 dc
856 1266 919 1306 vesti-

23 1330 103 1376 mentis,
126 1328 150 1368 de
170 1328 283 1377 alimentis3
305 1328 377 1369 deinde
397 1329 426 1367 de
442 1328 481 1376 iis,
503 1328 602 1379 quibus
619 1327 734 1367 Hebraei
750 1340 783 1375 66,
804 1341 870 1378 quae
886 1326 929 1367 ad'

23 1391 104 1431 vitam
126 1389 281 1430 necessaria
304 1393 372 1437 sunt,
393 1389 447 1429 sibi
469 1389 669 1440 comparabant:
692 1388 717 1428 de
738 1389 869 1440 agricultura,
892 1388 918 1428 de

24 1450 118 1503 pecuaria
134 1447 257 1507 (venatione,
273 1448 368 1502 piscatu),
382 1449 407 1490 de
422 1452 542 1499 mercatura,
559 1449 584 1489 (16
600 1449 693 1501 opificiis3
713 1449 800 1501 denique
816 1449 845 1489 de
860 1449 919 1489 vita

23 1509 155 1551 familiari
172 1514 197 1551 et
213 1510 321 1552 sociali:
338 1511 362 1551 de
378 1511 474 1551 societate
490 1511 604 1560 domestica,
621 1510 645 1550 de
661 1510 784 1558 urbanitate,
801 1510 825 1551 de
842 1506 918 1550 litteris

23 1575 44 1612 et
60 1572 135 1612 studiis
151 1572 264 1619 altioribus,
281 1572 305 1612 de
316 1572 395 1612 artibus
405 1571 533 1619 liberalibus,
551 1572 575 1612 (16
585 1571 693 1621 mensuris,
709 1571 840 1623 ponderibus,
856 1584 918 1611 num-

23 1634 67 1681 mis,
84 1633 108 1673 de
124 1635 239 1685 temporum
256 1633 439 1685 computandorum
454 1633 539 1683 ratione,
556 1632 581 1672 de
597 1632 673 1672 morbis
689 1635 709 1672 et
725 1635 796 1680 morte,
813 1632 838 1672 de
849 1633 920 1684 sepul·

23 1698 71 1734 tura
85 1696 106 1734 et
121 1695 185 1736 luctu.

83 1815 189 1855 Praesidio
205 1815 312 1857 doctrinae.
327 1838 358 1843 —-
373 1814 404 1854 W.
414 1814 534 1863 Nowaclr,
549 1815 586 1854 Die
600 1814 918 1855 66116166Ρ16111611611161661

24 1875 67 1915 und
83 1876 145 1915 deren
160 1875 283 1928 Bedeutung
298 1875 332 1915 fiir
348 1876 380 1917 die
396 1875 491 1928 religiose
506 1875 650 1927 Entwiolrlung
666 1876 731 1915 dieses
746 1875 826 1917 Volkes.
848 1876 918 1916 Strab-

22 1936 77 1988 burg
89 1937 159 1984 1892,
175 1937 197 1977 F.
207 1937 280 1986 Bubl,
297 1936 334 1977 Die
346 1936 432 1976 sozielen
442 1936 581 1978 Verbtltnisse
592 1937 627 1976 der
637 1937 749 1977 Israeliten.
765 1937 835 1977 Berlin
848 1942 918 1983 18996

20 1994 46 2039 c.
56 1997 82 2036 M.
93 1997 199 2044 Maokie,
216 1998 275 2037 Bible
291 2010 386 2037 manners
404 1998 444 2037 and
460 1997 571 2041 customs2,
588 1997 671 2037 London
691 2004 758 2045 19033
775 1998 919 2046 6116666,

24 2057 105 2109 Village
116 2057 150 2097 1116
161 2058 184 2097 in
195 2058 302 2099 Palestine.
328 2060 346 2098 A
362 2058 485 2110 description
502 2059 525 2098 61
537 2059 571 2099 the
581 2058 671 2110 religion,
689 2058 747 2098 home
758 2058 800 2108 life,
816 2071 917 2107 manners,

23 2120 118 2166 customs,
135 2119 296 2159 characteristica
313 2120 353 2159 end
369 2120 512 2170 superstitious
528 2119 550 2160 61
557 2120 593 2160 the
603 2121 697 2170 peasants
713 2119 735 2158 61
748 2119 783 2159 the
799 2120 848 2172 lroly
863 2120 917 2167 land,

23 2179 74 2218 with
84 2179 186 2219 reference
197 2180 233 2220 tho
243 2180 278 2219 the
289 2180 354 2222 Bible.
370 2175 422 2220 Now
433 2180 518 2223 edition.
534 2180 617 2221 concon
630 2186 697 2226 19053
714 2181 739 2219 11,
750 2180 773 2223 Β.
785 2180 919 2228 Sohwalm,

22 2239 50 2278 La
65 2239 98 2279 vie
114 2240 184 2291 prive'e
200 2240 229 2280 du
244 2241 319 2292 666616
333 2241 376 2292 juif
391 2254 402 2280 6
418 2239 516 2293 l'e'poque
532 2242 557 2281 de
573 2240 715 2281 Je'sus-Ohrist.
733 2241 789 2281 Poris
808 2248 871 2283 1910.
886 2263 917 2270 -

22 2301 128 2341 Praeterea
144 2301 165 2339 F.
177 2301 232 2341 Wal
239 2304 285 2351 ter,
302 2297 338 2341 Die
349 2302 464 2353 Propheten
474 2303 496 2342 in
507 2303 571 2342 ihrem
582 2302 668 2342 66116161
678 2302 747 2341 Beruf.
765 2302 835 2342 Berlin
848 2308 917 2348 1900;

22 2361 44 2403 P.
59 2361 192 2411 Kleinert,
208 2362 245 2402 Die
261 2362 377 2414 Propheten
392 2362 467 2403 Israels
483 2364 504 2402 in
521 2363 604 2403 sociator
616 2362 737 2413 Beziehung.
754 2363 835 2415 Leipzig
848 2369 918 2410 19053
944 2391 946 2393 ·

22 2421 41 2460 J.
57 2421 209 2471 Herrmann,
225 2423 263 2462 Dic
279 2423 351 2463 6611616
366 2424 452 2475 Predigt
462 2424 497 2464 der
507 2424 622 2476 Piepheten
639 2420 722 2480 (Btsr
738 2423 771 2471 IV,
785 2420 821 2479 12]
838 2422 918 2464 Berlin-

21 2482 157 2523 Lichtert'elde
175 2490 239 2527 1911.
256 2484 393 2535 ——Denique
410 2497 545 2536 6661666666
561 2486 585 2525 de
601 2487 645 2524 1666
662 2480 749 2525 11666166
765 2485 836 2536 agunt.

83 2556 130 2596 Alia
146 2569 205 2608 opera
222 2557 270 2596 suis
281 2557 330 2596 locis
347 2557 409 2597 allata
425 2561 480 2598 sunt.

89 2882 133 2937 De
154 2885 186 2938 iis
207 2884 305 2950 rebus,
326 2898 401 2954 quae
421 2884 457 2938 ad
478 2885 559 2941 vitam
582 2886 769 2940 necessariae
789 2886 855 2938 sunt

83 3017 108 3056 Iu
118 3018 257 3059 describendis
269 3020 294 3059 iis
311 3019 378 3067 rebus,
395 3032 447 3071 quae
463 3021 489 3061 ad
505 3022 567 3063 vitam
583 3021 705 3061 necessariae
721 3022 775 3068 sunt,
792 3019 881 3072 primum
892 3020 920 3060 (16

22 3077 127 3118 amicitiis
145 3080 248 3131 agendum
267 3083 308 3129 est,
329 3080 402 3120 deinde
422 3081 447 3121 de
466 3084 591 3134 uestimentis,
607 3082 731 3132 ornamentis,
748 3083 837 3131 66666116
853 3082 921 3133 661166·

22 3137 110 3190 denique
126 3139 151 3179 de
167 3141 271 3181 coltinentis.
