2165 3388
91 96 136 142 452
372 92 418 129 Parc
431 92 454 129 ll.
476 92 607 139 Antiquitates
620 92 708 141 privatae

92 220 167 261 tiarum
188 219 256 260 minus
277 219 413 270 antiquarum.
444 219 514 270 Neque
530 220 689 273 Babyloniorum
708 222 728 261 et
744 222 876 273 Assyriorum
892 221 991 271 aedificia,

92 294 144 333 quae
160 283 247 330 exstant,
264 280 289 320 ad
305 280 448 332 antiquissima
463 281 555 332 tempora
571 282 701 334 pertingunt.
728 283 806 323 Desunt
822 282 921 335 imagines
937 296 988 334 qno·
1007 280 1009 286 ⁴

92 356 132 394 que
153 342 342 393 antiquissimarum
363 342 417 393 apud
432 341 558 392 Babylonios
579 343 694 391 domorum,
716 348 740 383 ut
755 344 905 384 contentionem
925 344 991 384 facere

92 416 133 443 non
149 403 258 455 possimus.

154 476 325 516 Consuetudinem
344 475 400 515 illam
421 475 476 528 apud
492 476 605 517 Gananaeos
622 476 714 528 aliasque
735 479 806 530 gentes
824 478 918 529 antiquas
934 477 990 518 haud

92 550 159 578 raram
175 537 266 577 homines
282 536 420 577 fundamentis
438 536 524 577 aedificii
539 537 625 578 alicuius
641 537 744 578 inserendi
761 538 822 578 etiam
836 538 943 578 Hebraeos*
954 539 991 578 ob-
1049 567 1050 570 ,

93 611 182 639 servasse
198 598 313 638 recentibus
329 597 472 638 effossionibus
489 599 643 650 comprobatum
659 600 697 640 est.
724 599 776 639 Nam
792 600 815 639 in
831 599 873 639 Tell
889 600 991 639 el-lfutew

93 659 165 708 sellim,
181 659 224 699 'fell
239 658 371 707 el-Dschener‚
392 660 436 699 'fell
451 655 553 699 Ta‘annek
574 658 689 711 saepissime
710 660 748 700 sub
770 659 863 700 domibus
884 661 904 700 et
924 662 991 712 portis

92 720 151 760 urbis
168 733 241 771 corpus
257 719 342 760 infantis
359 720 381 760 in
397 733 470 772 magno
480 732 528 761 rese
544 720 603 760 fictili
619 720 728 769 inclusum,
746 722 800 773 quod
815 721 868 761 idem
885 722 990 772 lampades

93 784 114 822 et
129 782 215 832 patellas
233 781 329 829 continet,
345 782 453 822 inventurn
468 783 504 823 est.
531 780 574 827 Qua
584 794 605 821 re
616 795 660 821 eam
675 777 866 834 interpretationem
881 783 921 822 loci
936 783 988 834 Ing

96 849 129 891 le,
148 848 189 897 34,
211 856 263 894 qnae
284 842 327 881 eius
348 842 404 882 modi
419 842 522 883 victimam
544 841 606 893 ponit,
628 843 682 882 recte
699 855 720 883 se
735 844 810 883 habere
826 842 989 883 demonstratum

94 906 124 943 est
141 900 175 959 (cf.
192 904 215 943 N.
232 905 327 951 Petere,
344 903 401 943 Hiels
418 903 478 954 Opfer
495 902 560 942 seiner
576 902 642 943 Sb'hne
658 903 712 944 beim
723 904 879 944 Wiederaufbau
890 904 987 944 Jerichos.

93 964 201 1017 'theologie
220 965 263 1004 und
279 964 355 1004 Glaube
371 964 387 1012 Ι,
406 970 470 1013 1909,
488 959 592 1018 ‘ll—32).
624 963 695 1015 Neque
711 965 797 1005 dubium
813 966 849 1014 est,
866 965 917 1016 quin
933 978 987 1006 com·

93 1026 153 1077 plura
174 1038 249 1078 genera
270 1025 314 1065 cius
335 1024 389 1064 modi
412 1024 556 1064 sacrificiorum
577 1024 688 1065 infantium
709 1025 786 1066 usitata
806 1026 888 1066 fuerint.
920 1027 990 1078 Atque

94 1086 167 1126 dicunt
187 1086 275 1126 infantes
296 1085 354 1126 initio
370 1085 427 1127 viros
448 1085 586 1125 fundamentis
607 1085 713 1126 domorum
734 1087 822 1127 insertos
843 1100 894 1136 esse;
916 1087 988 1127 deinde

93 1148 188 1196 infantes,
203 1149 313 1199 postquam
327 1146 430 1186 interfecti
441 1146 488 1193 siut,
506 1146 549 1186 vasi
565 1144 628 1201 (qnod
638 1148 672 1186 rel
682 1147 705 1187 in
715 1148 796 1199 angulis
805 1148 836 1188 vel
847 1148 885 1187 sub
895 1149 991 1200 postibus

94 1205 216 1263 ponebatur)
233 1208 324 1248 inclusos
335 1209 355 1247 et
365 1207 422 1247 iuxta
433 1207 490 1246 alind
500 1219 536 1247 vas
548 1220 594 1247 cum
610 1206 660 1247 cibis
677 1208 798 1248 collocatum
814 1221 869 1256 esse;
885 1211 991 1260 postremo·

94 1283 141 1309 cum
157 1269 248 1309 homines
264 1268 363 1307 immolari
379 1268 512 1318 destitissent,
529 1281 565 1319 pro
576 1281 624 1308 vase
635 1280 681 1308 cum
692 1269 770 1309 infante
786 1269 893 1310 interfecto
908 1283 990 1318 urnam,

94 1331 116 1370 in
128 1343 168 1381 qua
178 1330 212 1370 vel
228 1328 310 1382 sanguis
327 1330 360 1369 rel
375 1342 411 1380 pro
428 1328 527 1382 sanguine
543 1342 595 1368 uvae
612 1342 672 1369 sucus
688 1329 757 1378 fuerit,
775 1332 795 1369 et
812 1330 869 1370 iuxta
885 1331 991 1370 lucernam.

94 1391 170 1444 positas
191 1403 244 1439 esse;
268 1390 366 1442 sanguine
385 1389 509 1439 sacrificium,
531 1390 614 1429 lucerua
634 1390 702 1442 ignem
722 1391 851 1431 sacrificalem
872 1391 991 1443 significari„

95 1453 147 1493 Sunt
163 1455 231 1492 tamen
242 1452 279 1503 qui
289 1451 404 1501 opinionem
420 1451 442 1490 in
457 1450 482 1490 iis
499 1450 557 1490 urnis
573 1464 618 1491 ossa
633 1451 742 1491 infantium
758 1452 909 1492 immolatorum
926 1466 988 1505 agno-

96 1513 171 1553 scenda
186 1525 229 1552 esse
244 1512 365 1563 improbent,
385 1512 443 1552 relat
458 1511 488 1551 W.
504 1511 529 1551 H.
545 1511 629 1560 Wood,
647 1512 768 1552 dar-burial
788 1515 877 1553 eustoms
898 1513 938 1553 and
953 1514 992 1553 the-

96 1574 190 1625 question
202 1573 223 1613 of
231 1573 299 1613 infant
310 1572 396 1612 sacrifice
407 1573 429 1612 in
439 1572 541 1612 Palestine
553 1568 603 1628 (Bw
614 1572 701 1621 XXXVI,
716 1580 817 1617 166-17
822 1579 840 1617 5.
853 1572 990 1628 aar—234),

157 1704 206 1751 ΙΙΙ.
227 1701 358 1759 Supellex
379 1701 531 1745 domestica
556 1701 652 1758 antiquis
674 1701 807 1758 temporibus
829 1701 889 1745 valde
911 1702 991 1759 exigua,

95 1776 161 1820 fuisse
172 1776 256 1820 videtur
271 1790 336 1832 eaque
352 1777 437 1819 tantum
454 1774 640 1831 complectebatur,
657 1789 710 1831 quae
726 1774 753 1817 ad
768 1789 831 1818 usum
847 1774 988 1819 cottidianum

95 1849 215 1894 necessaria
230 1850 297 1894 erant.
325 1847 386 1901 Quod
397 1863 423 1891 ex
433 1848 456 1892 II
466 1847 500 1905 Rg·
511 1852 532 1900 4,
545 1852 573 1896 10
589 1849 683 1905 apparet,
699 1848 737 1891 ubi
752 1863 832 1902 caenae,
847 1847 904 1905 sella,
918 1853 988 1904 lectas,

96 1925 183 1968 lacerato
200 1923 401 1967 commemorantur.
427 1921 487 1965 Moto
503 1921 620 1965 ciconiaria
631 1922 653 1963 et
663 1920 754 1977 simplex
770 1920 851 1977 ferreus
862 1924 918 1965 certe
929 1921 988 1964 deese

95 2011 142 2039 non
158 1987 259 2052 poterant
275 1994 312 2055 (cf,
328 1994 358 2037 ΙΝ
375 1998 410 2047 26,
422 1999 457 2042 26.
473 1993 503 2036 Dt
519 1998 555 2046 24,
567 1994 596 2053 6).
622 1993 707 2046 Postea,
723 1993 830 2050 imprimis
846 1995 990 2038 crescentibus

96 2068 168 2127 gentis
184 2067 266 2124 opibus,
282 2067 350 2111 maior
366 2066 476 2124 opulentia
492 2066 603 2123 maiorque
618 2066 681 2110 luxus
697 2066 795 2111 invaluit.
842 2061 844 2064 ’

157 2177 243 2220 ilienses
259 2167 350 2237 (uitpitp')
371 2191 417 2219 non
437 2175 518 2219 nostris
538 2175 623 2228 similes,
645 2171 681 2218 sed
701 2175 826 2219 humiliores
846 2178 910 2233 atque
930 2176 990 2221 haud

96 2251 171 2308 magni
187 2250 281 2293 ambitus
297 2248 361 2292 fuisse
377 2264 402 2292 ex
418 2263 478 2292 more
494 2248 583 2292 orientis
600 2250 656 2291 certe
672 2248 795 2292 conicimus.
827 2248 991 2306 Antiquissimis

96 2326 167 2367 autem
188 2323 322 2379 temporibus
341 2338 387 2366 non
407 2322 461 2366 alius
481 2337 528 2365 mos
544 2322 690 2366 Hebraeorum
709 2321 774 2365 fuisse
790 2321 874 2366 videtur
892 2322 989 2380 nisi‘qui

95 2396 159 2440 hodie
176 2396 233 2453 apud
249 2396 329 2439 Arabes
344 2396 453 2451 reperitur,
475 2395 513 2452 qui
528 2410 589 2452 saepe
606 2396 665 2439 cibos
681 2395 739 2439 corio
756 2396 789 2439 vel
805 2397 887 2439 storeae
903 2411 914 2439 e
930 2397 991 2440 foliis

95 2471 180 2528 palmae
196 2471 309 2514 contextae
319 2468 354 2512 vel
369 2469 436 2512 linteo
453 2470 522 2511 terrae
538 2470 670 2524 superstrato
687 2468 804 2525 imponunt
815 2483 840 2511 ex
851 2484 918 2526 eoque
928 2467 987 2513 more

95 2543 198 2600 loquendi
218 2542 313 2586 formula
333 2533 396 2595 tuille
411 2542 451 2591 tuli
471 2542 548 2585 strauit
563 2541 597 2585 vel
617 2543 727 2585 exstruxit.
741 2555 834 2585 mensam
854 2541 899 2600 (Jes
915 2547 950 2594 21,
967 2546 988 2590 5.

96 2617 125 2660 Ps
141 2622 176 2670 23,
193 2620 218 2668 ὃς
235 2621 270 2667 78,
288 2620 322 2663 12.
339 2615 395 2658 Pror
412 2619 432 2667 9,
449 2616 471 2674 2)
487 2615 542 2659 bene
557 2614 696 2673 intellegitur.

158 2720 186 2759 Ex
207 2719 342 2772 descriptione
362 2731 443 2758 mensae
464 2730 529 2758 sacrae
549 2718 572 2757 in
592 2717 722 2757 tabernaculo
745 2716 830 2768 foederis
852 2715 929 2767 positae
950 2715 989 2771 (Er

97 2787 132 2830 25,
150 2778 186 2836 23)
204 2783 263 2821 etex
280 2779 427 2831 elusimegine
443 2778 465 2817 in
481 2792 529 2818 arcu
545 2779 585 2819 Titi
602 2777 710 2829 conspicua
725 2777 810 2817 fortasse
831 2776 900 2828 colligi
920 2778 987 2828 potest

95 2855 187 2883 mensem
208 2842 293 2882 formam
314 2841 434 2893 quadratam
455 2839 528 2879 habere
549 2840 630 2880 solitam
650 2851 698 2880 esse.
729 2838 786 2884 Quod
802 2837 935 2888 Adonibezek,
952 2851 987 2878 rex

95 2903 153 2943 urbis
169 2903 295 2943 Canaunaeae
311 2902 381 2949 Benek,
399 2903 479 2952 eaptus:
501 2900 647 2952 „Septuaginta
666 2912 723 2952 reges
742 2923 767 2955 ᾗ
785 2898 854 2950 inquit
869 2922 900 2927 —
915 2913 988 2950 ampu-

96 2964 146 3004 tatis
162 2977 261 3004 mannnm
276 2976 299 3004 ae
315 2963 389 3015 pedum
405 2961 557 3002 summitatibus
574 2961 698 3014 colligebant
711 2961 749 3000 sub
760 2973 830 3000 mensa
840 2973 885 2999 mea
895 2959 987 3000 ciborum

95 3025 207 3076 reliqnias“
228 3022 274 3081 (Jdc
294 3031 310 3074 1,
328 3021 356 3080 7),
379 3025 404 3066 iis
426 3022 494 3063 verbis
517 3036 585 3062 mensa
607 3021 654 3063 altis
677 3034 743 3072 neque
766 3020 879 3061 coniunctis
901 3021 988 3073 pedibus

96 3086 186 3139 ponitur.
208 3086 275 3126 Talem
291 3085 380 3126 ostendit
395 3086 509 3137 prostypon
525 3080 638 3139 (Basrelief)
656 3082 757 3133 quoddam
768 3081 881 3134 Assyrium.
908 3082 986 3122 Mensae

96 3150 117 3188 et
133 3147 171 3187 alia
186 3147 322 3188 instrumenta
333 3147 404 3186 domus
421 3159 444 3186 ex
460 3157 509 3185 auro
520 3145 553 3185 rel
563 3147 647 3197 argento
662 3143 751 3183 confecta
767 3143 789 3183 in
804 3142 856 3183 aulis
871 3143 988 3195 principum
