2218 3388
153 100 183 144 50
450 95 496 132 Pars
508 95 523 132 Ι.
543 95 675 142 Antiquitates
689 107 752 133 sacrae

153 223 247 275 lapidem,
265 235 325 274 quem
336 222 398 263 Jeoob
414 222 484 271 erexit,
501 222 589 274 lapidem
600 222 713 263 animatum
729 223 792 263 fuisse
808 223 830 262 in
846 234 910 273 eoque
921 235 996 263 numen
1009 222 1047 262 looi

154 284 281 325 habitavisse.

215 358 308 398 Oonferes
324 356 343 398 J.
361 356 490 404 Grimmel
508 358 537 396 De
553 357 645 408 lepidum
662 359 721 398 cultu
736 358 791 410 apud
811 357 933 409 patriarchas
950 358 1046 408 quaesito.

153 419 257 472 Illarburgi
281 423 346 461 1853.
370 440 400 448 —-
422 417 439 458 J.
463 418 496 457 De
517 418 607 466 Groot‚
632 419 776 470 Palestijnsehe
796 418 901 459 Masseben
923 414 1047 474 (opgeriehte

153 479 251 536 steenenl.
283 479 337 518 Diss.
353 478 470 531 Groningen
488 485 552 522 1913.

154 625 156 627 ,
213 572 304 617 Hebraei
320 572 346 616 in
362 573 487 631 Aegypto
510 577 668 618 commorantes
688 589 758 632 neque
773 575 821 618 loea
841 589 900 618 saera
915 587 984 630 neque
1000 588 1047 616 aras

152 646 267 698 habebant,
284 645 342 704 quod
358 645 388 690 ibi
404 646 487 690 Jahvae
508 661 570 691 saera
585 662 631 691 non
647 648 760 694 faeiebant.
791 647 817 691 Id
833 662 859 691 ex
874 647 921 691 loeo
938 646 969 690 Hx
985 651 1006 699 8,
1017 651 1046 694 22

152 721 227 773 elucet,
250 720 288 763 ubi
310 720 426 766 memoriae
448 720 548 777 proditur
563 720 702 765 Pharaonem
717 721 819 765 Hebraeis
834 720 960 776 permisisse,
982 719 1045 763 utin

152 794 253 852 Aegypto
270 795 324 855 (non
340 794 365 836 in
380 792 472 853 deserto)
489 793 639 846 sacrificarent,
661 794 736 838 Mosen
752 798 823 838 autem
839 794 963 851 postulasse,
982 793 1046 836 utin

153 867 261 911 desertum
276 866 466 924 proficiscerentur,
488 867 547 924 quod
562 867 655 913 Hebraei
671 868 724 911 tales
744 868 842 912 victimas
858 867 897 912 deo
913 882 951 910 suo
968 867 1045 910 immo-

151 940 217 984 laturi
240 941 316 993 essent,
339 955 391 997 quas
407 940 510 998 Aegyptii
531 955 619 997 prorsus
641 940 786 987 abhorrerent.
822 940 923 999 Aegyptii
944 940 1002 983 enim
1025 942 1046 983 et

151 1013 204 1057 tales
220 1012 363 1071 proprietates
384 1013 408 1057 in
424 1013 518 1057 victimis
534 1014 671 1071 quaerebant,
694 1013 767 1070 quales
782 1013 874 1058 Hebraei
895 1012 1045 1071 neglegebant,

151 1089 173 1130 et
184 1086 295 1143 complura
306 1086 413 1139 animalia,
430 1101 484 1144 quae
495 1086 588 1130 Hebraei
598 1087 747 1138 immolabant,
763 1087 823 1130 velut
833 1101 912 1138 vaeeas,
928 1101 987 1130 saera
1001 1101 1045 1129 esse

151 1160 265 1217 putabant,
284 1162 309 1203 ut
327 1159 354 1203 iis
373 1174 406 1203 res
425 1158 521 1203 nefanda
540 1161 594 1204 esset
612 1173 637 1203 ea
652 1161 746 1203 mantare
762 1160 796 1203 rel
814 1174 887 1203 eorum
905 1173 967 1203 earne
983 1159 1044 1205 vesei.

211 1233 238 1276 Id
253 1235 326 1276 autern
341 1232 458 1277 verisimile
473 1235 512 1286 est,
529 1232 587 1290 quod
603 1235 625 1277 et
635 1232 768 1277 Judaeorum
784 1232 871 1289 quidam
887 1232 1045 1276 eontenderunt

150 1309 172 1350 et
188 1305 289 1349 catholici
308 1305 435 1362 interpretes
458 1305 486 1349 ad
506 1321 575 1349 unum
591 1322 666 1350 omnes
682 1307 809 1364 agnoscunt,
829 1305 937 1349 Hebraeos
953 1306 982 1350 in
1003 1306 1043 1349 de-

150 1381 224 1423 serto
246 1380 404 1422 commorantes
426 1378 469 1421 iam
485 1380 536 1422 ante
551 1379 671 1435 pretiosum
686 1377 741 1422 illud
756 1377 881 1431 tentorium,
901 1379 959 1436 quod
974 1378 1043 1422 Jahve

150 1452 253 1497 exstrui
248 1453 344 1504 iusserat,
329 1451 421 1494 taliud
436 1443 558 1500 ’1111153111
550 1453 664 1495 tentorium
680 1458 789 1496 corruentes
805 1452 843 1512 (Ex
859 1461 893 1504 33
909 1462 927 1497 1.
956 1455 1044 1508 Vulgata

149 1525 222 1569 minus
232 1527 299 1569 reete:
313 1524 449 1582 ,ΖΖΖΖΖΖΖΖΖΖΖΖΖ
451 1539 487 1567 am
497 1523 580 1581 foeder'
572 1532 597 1568 rs‘
599 1531 615 1581 Ζ)
626 1533 689 1582 atque
699 1524 733 1568 ΖΖΖ
734 1540 758 1567 ra
723 1523 823 1567 tillud
838 1524 900 1567 narba
891 1530 1044 1583 ,praereptam

149 1599 194 1643 site
210 1604 269 1655 repara
290 1560 378 1655 (11118
383 1601 425 1645 34.
447 1596 538 1641 fortasse
558 1612 629 1641 aream
650 1612 747 1641 arearum
767 1597 925 1654 Aegyptiarum
945 1596 1043 1648 similem,

149 1672 245 1730 Vulgata
222 1670 328 1715 temal:
344 1670 541 1731 ΖΖΖΖΖΖΖΖΖΖΖΖΖΖΖΖΖΖ)
558 1669 664 1728 habuisse,
680 1686 722 1728 quo
734 1685 755 1713 se
769 1669 868 1714 homines
879 1671 1002 1726 reciperent
1018 1674 1043 1714 ut

149 1743 236 1789 Jahven
251 1705 395 1796 eonsuleient,
417 1758 555 1801 nequaquam
571 1759 628 1798 vero,
648 1744 686 1787 ubi
707 1758 767 1787 saera
782 1743 868 1800 publiea
883 1743 965 1800 fierent.
996 1744 1043 1787 Hoe

149 1817 274 1870 tentorium,
296 1832 358 1874 super
375 1816 434 1875 quod
450 1817 551 1861 columna
566 1817 630 1861 nubis
646 1817 822 1875 requiescebam
813 1817 882 1861 Moses
898 1819 959 1861 extra
975 1819 1042 1861 eastra

148 1894 219 1935 transt
210 1891 266 1943 tuitl,
286 1890 484 1934 demonstraret
504 1890 537 1933 dei
557 1890 648 1948 speeiem
669 1891 697 1934 ob
718 1890 889 1948 superstitiosum
905 1891 951 1934 vitu
951 1889 968 1933 li
984 1891 1042 1933 aurei

149 1963 253 2008 cultum'
247 1979 271 2006 rn
287 1963 395 2020 populo
389 1978 433 2007 ram
455 1978 501 2006 non
516 1977 618 2020 apparere
638 1963 728 2024 (11133,
743 1964 833 2023 7—11).
864 1963 966 2006 Tentorio
983 1978 1041 2007 saero

149 2040 258 2082 exstructo
275 2037 376 2080 eolurnna
396 2036 461 2080 nubis
483 2052 496 2079 a
512 2036 608 2080 Mosist
599 2037 693 2080 tentorio
714 2036 813 2080 resedens
829 2050 910 2079 norum
926 2037 1042 2079 saerarimn

148 2110 246 2169 implevit
261 2110 357 2167 illudque
377 2110 552 2162 ,tabernaculum
564 2111 695 2153 eonveneusr
709 2109 743 2153 vel
762 2108 878 2161 ,foedatae
896 2109 947 2153 feeit
958 2110 994 2169 (ib.
1005 2114 1041 2161 40,

148 2184 254 2243 eal—as).

489 2329 587 2374 SeetIo
603 2330 700 2387 prima

330 2454 381 2506 De
405 2453 665 2507 tabernaculo
690 2453 859 2506 foederis

207 2600 314 2640 Praesidio
330 2601 436 2642 ΖΖΖΖΖΖΖΖΖΖΖ.
453 2622 484 2629 -
500 2601 607 2652 Complura
627 2613 688 2651 opera
702 2600 724 2640 in
740 2601 775 2640 Β1
796 2601 904 2653 Ugolini
920 2602 977 2642 Thes.
993 2602 1040 2643 VIII

146 2661 259 2705 et.—-IX
279 2661 297 2703 0
316 2660 349 2702 Olr.
365 2660 395 2703 W.
412 2661 485 2709 Behr,
502 2660 605 2712 Symbolik
622 2661 656 2701 des
672 2674 714 2701 mos
706 2661 798 2702 saisehen
808 2662 941 2711 uultuslze
930 2669 1039 2707 95-892

146 2746 174 2752 -
192 2722 213 2763 F
230 2721 392 2771 Friederieh,
411 2721 515 2772 Symbolili
532 2722 567 2761 der
582 2722 706 2762 mosaiseben
723 2723 820 2763 Srftshu
820 2725 847 2763 te
878 2724 959 2776 Leipzig
976 2730 1039 2767 1841

145 2783 210 2824 -Ζ,
227 2784 251 2822 H.
268 2783 354 2822 Karta
355 2782 460 2834 Beria
461 2796 472 2821 e
487 2796 523 2821 aur
539 2782 618 2833 Symbo
620 2783 641 2822 11
657 2783 738 2823 desta]
738 2785 779 2823 tes
780 2784 915 2825 ementliohen
932 2785 1008 2825 Cultus.
1024 2786 1040 2830 Ι,

145 2843 182 2883 Die
204 2845 250 2884 uult
250 2845 308 2884 ussta
296 2844 344 2884 aare.
376 2843 476 2885 Berlin]
468 2849 532 2886 1851
557 2865 587 2871 -
614 2844 644 2883 W.
665 2844 807 2891 Heumann,
827 2845 864 2884 Die
881 2846 1023 2885 Stiftshiitte
1018 2860 1040 2886 ΖΖ

145 2904 331 2945 BildundWort.
354 2904 1040 2955 9011111861.-1.Ζορρει,ΖΖ-ΖΖΖΖΖΖΒΖΖΖΖΖΖΖ

145 2966 177 3005 die
194 2966 318 3008 Stiftsbr'itte.
350 2966 389 3005 Ilin
405 2965 487 3005 Ber
452 2978 487 3017 re
503 2977 539 3004 aur
550 2964 668 3005 reschith
647 2966 719 3005 der
730 2966 866 3018 Compositron
881 2969 923 3006 und
940 2958 1039 3009 Diaskeue

146 3027 180 3065 des
196 3027 329 3067 Pentateneh.
361 3026 443 3079 Leipzig·
466 3031 529 3069 1832.
550 3049 579 3053 —
596 3025 629 3067 Oh.
645 3027 665 3067 J.
681 3025 855 3078 Riggenbaeh,
877 3028 913 3067 Die
929 3028 1039 3069 mosaiselae

145 3088 289 3131 seinshaeree
319 3088 380 3128 Basel
398 3092 462 3131 1881.
484 3110 514 3116 -
537 3086 559 3126 G.
581 3086 672 3134 Karoia,
696 3087 732 3126 Die
748 3087 858 3127 mosaisohe
875 3088 994 3129 Stiftshittte
1010 3090 1039 3130 als

144 3148 221 3188 Abbild
238 3150 272 3188 des
288 3148 387 3189 Himmels
408 3149 430 3188 in
447 3148 486 3188 den
502 3147 548 3187 aoht
564 3146 689 3199 Seligkeiten
705 3148 757 3188 nael]
777 3148 816 3188 den
832 3148 875 3188 vier
892 3149 987 3190 Gesetzen
1003 3150 1039 3191 des
