2218 3388
122 96 154 139 92
420 91 467 128 Pars
479 92 496 128 Ι(
515 91 647 138 Antiquitates
660 104 724 129 sacrae

187 218 249 257 Velut
265 231 289 258 ex
300 217 394 268 opinione
410 217 531 259 Philonis
547 220 700 260 tabernaculum
716 219 782 271 ipsum
797 219 887 270 undique
903 220 1017 260 contectum

125 291 191 329 neque
208 279 302 319 omnibus
319 279 443 330 patefactum
459 281 484 322 τὰ
495 283 563 337 νοητά,
580 281 655 321 atrium
672 283 697 324 τὰ
708 277 800 338 αἰσθητά
815 281 915 333 siguificat
927 280 963 335 (De
974 280 1017 320 vita

126 340 187 379 llosis
204 340 216 381 l.
234 346 253 382 3.
269 353 315 391 opp.
331 340 425 386 II,·147.
458 341 485 383 ef.
502 343 530 381 De
547 341 617 383 ebriet.
643 355 688 394 opp.
711 341 726 390 I,
744 338 802 398 378).
834 341 933 388 Quattuor
953 344 1017 381 mate-

123 400 172 448 riae,
189 414 200 439 e
216 401 291 451 quibus
308 401 457 452 operimentum
476 402 573 442 intimum
594 406 615 443 et
631 405 670 445 duo
686 405 732 444 vela
748 403 837 442 confecta
857 404 914 442 erant
929 402 1017 457 (byssus,

125 475 224 513 purpura,
241 462 368 514 hyacinthus,
386 460 470 519 coccus),
488 463 513 503 ad
529 465 626 515 quattuor
641 478 710 504 rerum
720 464 819 516 principia
835 461 923 518 (terrum,
938 476 1017 513 aquam,

123 527 176 571 aera,
193 520 271 578 ignem)
293 524 385 574 spectant
406 520 461 580 (opp.
477 526 502 573 ll,
522 522 579 582 148).
610 526 654 566 Duo
675 526 778 566 cherubim
799 537 855 564 arcae
872 537 937 565 sacrae
953 524 1017 576 impo-

126 583 161 622 siti
177 583 227 623 duas
242 584 366 635 principales
383 589 495 636 potestates
511 586 596 634 divinas,
613 588 735 639 potestatem
751 587 852 626 creantem
867 587 889 625 et
901 586 1018 638 gubernan-

123 646 166 683 tem
184 644 228 699 (δυο
245 646 345 702 δυνάμεις,
362 649 397 704 τήν
413 663 435 689 τε
446 650 555 706 ποιητικὴν
566 650 601 691 καὶ
613 645 729 706 βασιλικήν)
741 647 855 698 exprimunt
866 648 919 699 (opp.
929 646 955 695 Π,
969 653 1018 689 150·

123 705 154 744 cf.
170 707 199 744 De
215 706 256 758 fug.
274 707 294 745 et
309 706 386 748 invent.
404 720 449 759 opp.
466 709 482 757 I,
495 706 553 764 561).
585 710 654 749 Altare
670 708 815 760 thymiamatis,
837 708 890 759 quod
905 709 937 747 est
952 711 1018 747 terrae

123 768 147 805 et
164 780 227 817 aquae
244 767 358 819 symbolum
370 769 423 828 ,(γῇς
439 771 473 812 nui
490 765 565 820 {ituree
581 766 698 827 συμβόλου),
722 782 758 821 gra
769 769 833 808 iarum
852 769 949 809 actionem
964 768 1018 808 indi-

123 829 164 876 cat,
186 841 238 879 quae
254 841 290 880 pro
307 829 333 868 iis
348 831 416 878 robus,
439 844 490 881 quae
508 844 531 870 ex
548 831 625 870 duobus
645 831 685 871 illis
701 829 805 871 elementis
827 829 944 882 gignuntur,
965 829 1017 869 refe-

126 888 189 928 renda
211 891 251 938 est3
279 890 304 929 ut
319 890 368 930 haee
390 892 490 931 elementa
512 892 602 931 medium
623 892 713 932 universi
735 890 824 941 spartium
847 888 888 945 (τὸν
905 893 965 948 μέσον
982 896 1017 933 τοῦ

123 953 206 1006 νόσμου
223 947 293 1007 τόπον)
309 953 386 1000 tenent,
409 953 440 992 ita
456 953 518 992 etiam
534 953 598 992 altare
613 953 667 993 inter
683 952 825 992 candelabrum
841 953 861 991 et
876 964 965 992 mensam
981 965 1017 1003 po-

124 1011 188 1050 situm
205 1013 237 1051 est
253 1011 308 1067 (opp.
323 1013 350 1060 H,
369 1010 427 1068 150).
459 1014 574 1054 Secundum
590 1014 653 1054 alium
668 1014 734 1053 locum
746 1010 803 1067 (Quis
818 1026 856 1053 rer.
872 1012 912 1055 div.
928 1014 969 1055 her.
985 1013 1018 1061 sit,

124 1084 173 1122 opp.
189 1073 205 1121 1,
223 1070 275 1129 504)
291 1073 312 1112 id
328 1074 390 1113 altare
407 1075 438 1113 est
454 1075 567 1126 symbolum
583 1076 695 1126 gratiarum
711 1073 794 1114 actionis
813 1086 849 1124 pro
865 1075 962 1125 quattuor
978 1074 1018 1112 ele-

126 1134 202 1173 mentis
218 1134 339 1174 referendae.
372 1135 518 1174 Candelabrum
534 1149 624 1184 aureum,
647 1137 723 1186 septem
744 1134 870 1185 lampadibus
887 1135 1017 1183 instructum,

124 1196 158 1232 est
174 1195 289 1245 symbolum
310 1195 360 1234 caeli
381 1192 494 1253 (σύμβολον
515 1202 550 1238 τοῦ
572 1192 666 1252 οὐρανοῦ)
688 1195 806 1246 etquidem
827 1196 931 1235 stellarum
947 1208 1018 1234 erran·

124 1254 179 1294 tium
196 1252 300 1312 (cuppola
317 1263 355 1299 τῶν
371 1257 488 1313 λεγομένων
499 1258 555 1312 παρὰ
571 1264 613 1305 τοῖς
630 1263 722 1315 φυσικοῖς
733 1254 818 1311 ἀνδράσι
829 1253 954 1315 πλανήτων);
967 1257 1018 1296 lam-

122 1328 168 1367 pes‚
185 1329 236 1367 quae
252 1317 274 1356 in
290 1317 356 1357 medio
372 1318 492 1358 candelabro
507 1318 572 1368 posita
588 1321 625 1366 est,
643 1319 708 1359 Solem
719 1317 828 1369 significat3
844 1318 945 1369 lampades
956 1318 1018 1357 unius

126 1376 195 1417 lateris
218 1378 334 1427 Saturnum,
357 1378 434 1428 Jovem‚
458 1380 549 1427 Martem,
572 1380 656 1418 alterius
671 1378 741 1419 lateris
762 1378 890 1426 Mercurium,
913 1378 1017 1425 Venerem,

125 1437 202 1477 Lunam
219 1438 315 1479 indicant.
343 1439 417 1479 Omnes
433 1453 467 1479 eae
484 1440 554 1480 stellae
571 1441 618 1491 quia
633 1440 655 1479 in
672 1440 735 1491 spatio
752 1439 778 1479 ad
792 1439 897 1479 meridiem
913 1441 1018 1490 spectante

126 1497 235 1539 morentur
255 1501 276 1538 et
298 1513 310 1538 a
326 1501 500 1551 septentrionibus
520 1501 639 1553 longissime
656 1501 736 1549 absunt,
761 1500 902 1540 candelabrum
918 1501 942 1540 ad
958 1500 1018 1541 meri-

123 1560 179 1599 diem
200 1560 291 1612 positum
311 1562 348 1603 est.
379 1562 464 1613 Propter
484 1562 642 1602 immensitatem
663 1563 713 1601 caeli
734 1574 800 1601 sacrae
820 1561 899 1601 litterae
915 1561 976 1601 etium
993 1561 1018 1600 de

127 1621 241 1661 candelabri
257 1618 352 1677 (symboli
368 1620 426 1678 caeli)
449 1622 591 1676 magnitudine
611 1623 662 1662 nihil
679 1624 835 1663 commemorant
856 1619 909 1678 [opp.
925 1622 951 1670 ΙΙ,
969 1629 1018 1665 150.

126 1682 142 1729 l,
161 1689 203 1724 504
215 1681 244 1737 a).
276 1683 345 1722 Mensa
361 1697 438 1734 panum
453 1683 597 1736 propositionis
613 1684 709 1723 alimenta
725 1683 831 1735 signifieat.
862 1683 912 1730 (luia
930 1683 987 1724 renti
1008 1696 1019 1722 a

127 1744 301 1794 septentrionibus
318 1744 406 1784 orientes
427 1745 494 1785 herbis
511 1745 648 1785 crescentibus
664 1745 750 1784 maxime
766 1744 833 1803 idonei
848 1747 901 1792 sunt,
923 1744 948 1784 ad
963 1744 1018 1783 latus

127 1805 286 1856 septentrionale
310 1800 375 1861 (πρὸς
392 1812 433 1854 τοῖς
456 1804 551 1863 βορείοις)
573 1805 639 1857 posite
654 1811 690 1845 est.
723 1804 774 1851 cruia
796 1805 850 1844 caelo
867 1802 964 1861 (pluviam
979 1805 1018 1844 tri·

122 1866 181 1905 vbuen
192 1863 207 1920 i)
224 1867 245 1906 et
260 1867 325 1905 terrae
342 1863 462 1921 (seminibus
474 1866 593 1906 madefactis
609 1866 755 1906 fecunditatem
769 1863 882 1921 praebenti)
899 1865 965 1906 omnia
982 1866 1018 1905 ali-

126 1929 196 1965 menta
212 1926 319 1975 debentur,
336 1928 393 1967 iuxta
409 1928 552 1967 candelabrum
569 1929 611 1968 sive
626 1928 738 1979 symbolum
754 1926 803 1966 caeli
819 1928 839 1965 et
855 1927 916 1966 altare
932 1927 1019 1978 thymia·

127 1987 188 2026 matis
205 1988 247 2028 sive
264 1988 377 2039 symbolum
394 1991 461 2028 terrae
476 1989 542 2028 locum
558 1989 615 2028 tenet
632 1985 685 2044 (epp,
698 1988 723 2035 ΙΙ,
738 1995 785 2030 150.
801 1987 817 2035 Ι,
830 1985 887 2042 504).
910 1988 1019 2027 Duodecim

126 2061 189 2099 panes
211 2049 356 2100 propositionis
379 2050 404 2088 ad
426 2049 529 2089 duodecim
551 2049 616 2089 sidera
638 2049 692 2089 orbis
714 2048 805 2100 signiferi
828 2051 847 2087 et
869 2049 892 2088 ad
914 2048 1019 2089 duodecim

126 2122 206 2149 menses
223 2110 271 2149 anni
286 2106 386 2149 referendi
403 2112 451 2150 sunt
467 2108 522 2164 (opp.
537 2111 553 2158 Ι,
573 2107 631 2166 573).

188 2171 319 2222 Josephus
334 2170 418 2222 ‘quoque
435 2169 473 2227 (Ad
493 2179 511 2218 3,
525 2177 542 2212 6.
556 2179 579 2219 4;
597 2178 616 2218 3,
630 2178 648 2220 7,
661 2168 682 2226 Ἷ)
702 2171 855 2210 tabernaculum
872 2183 948 2211 sacrum
965 2183 1019 2222 sym-

126 2232 197 2271 bolum
213 2231 302 2272 universi
319 2245 362 2272 esse
379 2232 475 2283 opinatur
492 2229 578 2288 (ἕκαστα
594 2233 670 2274 τοῦτον
686 2229 714 2281 εἰς
730 2229 855 2288 ἀπομίμησιν
871 2233 905 2273 aui
921 2232 1021 2274 διατυπο-

127 2306 157 2334 σιν
173 2300 211 2336 τῶν
227 2290 282 2335 ὅλων
298 2294 408 2347 γεγονότα).
440 2294 499 2333 Atrio
516 2295 537 2332 et
554 2292 669 2332 sanctuario
686 2294 762 2332 terram
778 2296 798 2331 et
814 2305 874 2341 mare,
891 2293 1018 2333 sanctissimo

127 2353 205 2393 eaelum
220 2354 316 2401 indicari3
333 2354 439 2394 duodecim
454 2354 543 2406 panibus
559 2353 704 2405 propositionis
721 2353 826 2393 duodecim
840 2366 925 2402 menses,
948 2354 1019 2393 cande-

127 2414 183 2453 labro
205 2416 226 2454 et
249 2416 326 2466 septem
341 2415 471 2467 lampadibus
493 2417 571 2465 septem
587 2415 656 2454 stellas
676 2416 765 2454 errantes
785 2414 901 2467 significari3
923 2416 1021 2466 quattuor

126 2476 221 2515 materiae
238 2478 258 2516 et
274 2476 356 2524 colores,
374 2489 398 2516 ex
414 2477 489 2527 quibus
507 2476 657 2527 operimentum
673 2476 762 2527 primum
778 2477 798 2515 et
814 2477 858 2516 vela
873 2475 955 2516 tentorii
972 2488 1019 2515 con-

126 2538 182 2575 tenta
198 2539 253 2585 sunt,
270 2536 296 2576 ad
304 2530 410 2587 ‘quattuor
425 2550 495 2577 rerum
511 2536 610 2588 principia
626 2540 715 2587 spectare
731 2537 839 2577 existimat.

188 2597 314 2649 Significatio
324 2598 411 2638 cosmica
427 2599 452 2637 ab
464 2597 612 2648 antiquissimis
628 2598 753 2649 temporibus
769 2598 831 2637 etiam
846 2598 900 2648 apud
916 2597 1018 2646 rabbinos,

125 2658 163 2709 qui
179 2659 334 2698 tabernaculum
349 2659 461 2699 llosaicum
476 2660 582 2708 tamquam
598 2659 711 2709 symbolum
728 2659 834 2698 creationis
854 2659 903 2699 caeli
918 2661 939 2699 et
953 2659 1020 2698 terrae

123 2708 450 2776 (meministinirrumpebat)
468 2719 602 2767 considerant,
624 2722 644 2758 et
665 2721 719 2771 apud
739 2721 806 2771 patres
827 2720 972 2771 scriptoresque
988 2732 1020 2759 ec-

126 2780 199 2820 elesiae
215 2781 323 2821 invenitur.
355 2782 423 2832 Atque
446 2782 487 2820 iam
507 2780 520 2819 J
525 2780 633 2819 ustinus
651 2778 894 2836 (concreaturam.
912 2787 946 2822 29.
968 2780 1020 2820 MSG
1051 2787 1053 2791 ’

129 2848 147 2889 6,
162 2839 212 2897 296)
233 2842 257 2881 ad
278 2855 322 2881 earn
342 2842 428 2893 respicit.
466 2842 584 2881 Clemens
606 2842 674 2890 Alex.
691 2839 773 2898 (strom.
798 2849 816 2890 5,
830 2848 848 2883 6.
869 2842 895 2884 ib.
913 2848 970 2890 9,56
984 2838 1019 2896 ss.)

127 2903 282 2957 talaernaculum
303 2902 386 2954 eiusque
409 2905 477 2954 partes
498 2902 553 2941 haud
574 2903 662 2942 multum
679 2904 794 2954 discrepans
816 2903 840 2942 ab
863 2902 956 2954 opinione
972 2902 1020 2942 Phi-

127 2963 179 3003 lonis
195 2964 348 3016 interpretatur.
381 2964 510 3015 Origenes
527 2959 592 3018 (Hom.
610 2971 628 3006 9.
644 2964 666 3004 in
682 2965 716 3014 Er.
733 2961 743 3008 ἓ
761 2971 780 3004 4.
795 2963 822 3005 ib.
841 2969 874 3013 12,
891 2960 941 3018 366)
958 2964 1019 3002 testa-

126 3026 172 3063 tur:
189 3026 370 3073 „Tabernaculum
387 3027 412 3065 ut
428 3025 513 3075 quidam
533 3026 579 3063 ante
595 3037 632 3065 nos
649 3037 729 3076 quoque
746 3024 846 3071 dixerunt,
867 3024 931 3064 totius
947 3024 1021 3063 mundi

126 3086 184 3125 fenet
204 3087 307 3138 figuram‘t
339 3085 486 3138 Gregorius
507 3085 561 3126 naz.
583 3084 646 3138 (Orat,
664 3092 698 3129 28.
719 3086 746 3126 ib.
764 3091 798 3133 36,
812 3082 847 3140 71)
868 3084 1020 3125 tabernaculum
1054 3122 1055 3125 ,

123 3144 231 3191 ductiones
247 3153 282 3190 τοῦ
299 3149 379 3204 κόσμου
394 3149 469 3195 παντός
491 3143 536 3202 (τοῦ
552 3143 574 3194 ἐξ
590 3143 666 3202 ὁρατῶν
682 3162 703 3189 τε
719 3147 754 3188 aui
773 3145 865 3202 ἀοράτων
882 3142 1019 3204 συστήματος)
