2147 3361
412 114 414 119 ,
431 74 432 77 “
492 84 597 121 Mensurae
807 138 808 141 Ἰ
950 83 994 129 645

102 212 206 272 Brugsch)
225 208 337 267 aequabat.
359 204 385 249 Id
400 198 547 249 monumentis
563 205 674 265 Aegyptiis
689 205 794 263 probatur,
818 204 885 248 Velut
895 217 994 246 mensura

103 291 139 335 iila
154 284 251 341 antiqua,
268 297 310 339 qua
320 277 420 336 Aegyptii
435 293 502 335 prope
516 278 676 335 Elephantinen
692 277 830 322 altitudinem
841 276 888 321 Nili
898 276 994 319 fluminis

103 357 250 407 metiebantur,
267 369 293 396 ex
310 353 390 409 septem
405 351 481 407 palmis
497 353 585 394 constat
601 354 623 395 et
637 353 661 396 in
677 351 752 395 cubitis
763 350 885 409 Aegyptiis,
902 363 956 406 quae
972 349 995 392 in

104 433 169 479 ruinis
189 426 270 472 veteris
286 423 414 482 Memphidis
434 424 510 467 effossa
528 426 585 476 sunt,
606 427 694 483 utraque
713 424 767 468 ratio
785 425 864 468 notata
879 424 922 474 est;
944 438 994 465 nam

101 503 213 550 continent
236 501 319 556 septem
339 497 420 554 patmos
442 497 485 541 sive
507 497 670 556 duodetriginta
688 497 813 541 latitudines
835 496 942 554 digitales,
964 496 995 539 ita

103 582 173 623 tamen
194 576 220 617 ut
243 573 346 630 quattuor
367 570 454 613 ultimae
477 570 566 626 proprie
587 572 675 614 notatae
696 571 738 613 sint
759 573 781 614 et
803 569 865 613 aliud
883 582 995 612 mensurae

102 666 169 710 genus
184 645 302 690 manifesto
318 643 444 701 significent.
471 642 512 686 Sed
533 644 609 699 postea
629 643 693 687 etiam
713 643 808 687 cubitum
830 643 900 686 maius
920 642 944 685 in
959 657 995 686 sex

104 724 184 781 palmos
204 718 240 762 vel
261 717 340 775 viginti
360 718 459 773 quattuor
479 715 608 760 latitudines
630 716 727 774 digitales
747 716 890 773 proportione
909 715 995 759 latiores

104 794 243 840 dividebatur.
261 790 319 844 Quae
330 805 378 833 cum
388 789 418 833 ita
428 790 477 840 sint,
493 789 551 832 falso
563 789 659 833 cubitum
669 789 814 845 Babylonium
829 804 878 832 cum
889 788 994 846 Aegyptio

105 867 264 925 aequiperatum
286 863 338 908 nam
353 865 378 906 ut
392 862 491 906 undecim
508 862 538 905 ad
554 862 626 906 decem
642 864 664 905 et
679 862 755 920 viginti
771 862 814 906 duo
832 863 860 906 ad
876 877 950 914 unum,
966 862 996 905 ita

104 941 157 984 illud
172 939 199 982 ad
215 939 263 986 hoc.

163 1025 218 1069 Cum
230 1022 399 1079 Babyloniorum
415 1022 484 1065 cuttus
498 1023 565 1078 atque
575 1020 705 1073 humanitas,
720 1021 762 1064 iam
779 1024 898 1079 antequam
908 1020 997 1064 Hebraei

105 1103 129 1145 in
148 1103 228 1144 terram
245 1095 332 1140 danaen
352 1094 536 1152 migraverunt,
558 1094 615 1152 apud
632 1094 695 1150 Syros
715 1095 789 1152 magni
810 1095 867 1137 esset
887 1092 997 1144 momenti,

104 1176 154 1217 sunt
169 1170 207 1228 qui
223 1168 348 1225 putaverint
364 1167 425 1211 etiam
438 1168 586 1211 Hebraeorum
601 1182 711 1211 mensuras
725 1167 873 1226 longitudinis
889 1181 915 1209 ex
926 1165 996 1222 Baby-

106 1244 168 1289 loniis
183 1243 280 1299 receptas
297 1255 347 1287 esse,
374 1239 434 1293 Quod
450 1240 532 1284 falsum
548 1254 593 1283 esse
609 1240 777 1285 demonstratum
792 1243 838 1292 est;
858 1254 910 1282 nam
925 1239 944 1282 si
955 1240 996 1283 He-

105 1320 217 1362 braeorum
234 1314 373 1372 antiquorum
391 1314 486 1357 cubitum
502 1313 577 1357 cubito
594 1314 651 1371 regis
662 1313 732 1357 Gudea
746 1314 759 1356 i.
771 1329 788 1361 e.
805 1317 852 1362 495
863 1327 909 1356 mm
925 1312 997 1371 aequi-

106 1403 208 1447 paramus,
226 1386 324 1430 subibam
339 1385 410 1428 minus
426 1387 456 1429 est
472 1390 519 1433 424
535 1384 569 1429 vel
585 1389 630 1433 425
641 1401 691 1438 mm,
707 1401 758 1443 quae
774 1400 878 1429 mensura
893 1400 998 1442 nusquam

106 1461 212 1519 reperitur,
234 1460 278 1503 nisi
299 1459 356 1516 quod
376 1473 464 1515 parvum
485 1458 623 1502 Phoenicum
644 1459 738 1503 cubitum
759 1460 798 1518 (ε
815 1462 883 1506 4121)
899 1458 952 1517 mm)
973 1457 999 1501 ad

106 1534 127 1577 id
146 1532 232 1579 accedit.
264 1532 327 1575 Ratio
349 1533 418 1574 autem
436 1531 531 1576 duorum
552 1531 674 1575 cubitorum
694 1532 852 1589 Aegyptiorum
873 1531 947 1574 cadem
967 1533 998 1574 est

106 1621 158 1664 quac
175 1606 268 1649 duorum
285 1604 407 1648 cubitorum
422 1605 578 1648 Hebraieorum
593 1606 605 1651 1,
623 1620 639 1648 e.
656 1620 708 1663 quae
723 1620 759 1648 sex
775 1605 804 1649 ad
821 1607 908 1662 septem.
930 1602 998 1656 Quare

105 1680 200 1723 cubitum
218 1678 364 1723 Hebraeorum
383 1678 439 1722 idem
454 1679 521 1723 fuisse
538 1678 653 1723 dicendum
674 1681 705 1723 est
723 1680 780 1737 quod
796 1679 897 1722 cubitum
912 1677 998 1736 Aegyp-

107 1753 165 1805 tium,
185 1752 208 1796 id
225 1753 284 1810 quod
299 1753 340 1797 riri
354 1753 411 1796 docti
429 1753 493 1796 hodie
509 1753 577 1811 vulgo
593 1754 692 1810 probant.
717 1752 814 1797 Dubium
833 1753 871 1797 1111
887 1754 924 1802 cst,
947 1751 999 1809 quin

106 1825 175 1881 ipsum
198 1826 328 1869 vocabulum
348 1825 475 1870 Hebraicum
496 1830 545 1878 md,
569 1841 611 1882 quo
634 1827 730 1870 cubitum
750 1826 894 1884 significatur,
918 1824 1000 1884 origine

106 1897 212 1955 Aegyptia
235 1898 264 1941 sit
284 1901 348 1955 atque
370 1913 418 1942 cum
432 1898 593 1957 Aegyptiorum
613 1891 749 1957 antiquorum
770 1898 878 1944 vocabuto
899 1898 960 1942 auctae
980 1900 1000 1942 et

109 1969 226 2027 Coptcrum
248 1972 309 2015 maha
331 1972 364 2015 vel
385 1972 448 2031 moiri)
470 1987 522 2016 cum
545 1973 640 2029 praefixo
660 1973 758 2030 cromati,
782 1972 902 2024 cohaereat,
925 1972 955 2015 ita
976 1975 1000 2015 ut

107 2042 196 2087 Hebraei
213 2045 312 2087 cubitum
331 2047 375 2087 una
395 2058 442 2088 cum
456 2045 549 2089 nomine
569 2045 596 2088 ab
612 2045 723 2104 Aegyptiis
742 2046 839 2090 mutuati
854 2045 903 2088 sint.
930 2044 1000 2102 Atque

107 2129 155 2158 cum
170 2116 214 2158 iam
225 2118 381 2175 antiquissimis
396 2120 530 2176 temporibus
541 2118 654 2177 Aegyptiis
669 2135 771 2179 magnum
783 2118 937 2164 commercium
953 2133 1000 2161 cum

108 2186 183 2231 incolis
199 2191 270 2234 terrae
287 2189 374 2234 Oanaan
389 2193 410 2234 et
425 2191 497 2249 Syriae
514 2194 577 2245 esset,
592 2193 654 2237 facile
669 2193 715 2237 fieri
729 2193 808 2249 potuit,
825 2199 850 2235 ut
866 2190 890 2234 hi
905 2190 1001 2234 cubitum

107 2260 134 2302 ab
150 2262 264 2319 Aegyptiis
279 2265 433 2311 mutuarentur.
461 2264 532 2317 Quare
549 2265 615 2308 etiam
631 2265 654 2311 u.
666 2266 687 2310 F.
699 2267 741 2310 Hiil
757 2266 802 2326 (ΕΒ
820 2265 889 2324 5293)
906 2263 1000 2308 cubitum

109 2332 237 2378 Hebraicum
254 2336 345 2392 originis
356 2337 471 2394 Aegyptiae
488 2352 535 2381 esse
552 2339 670 2383 contendit.
692 2339 744 2383 (ium
754 2342 828 2384 autem
845 2340 869 2382 ut
880 2338 1001 2393 Babylonii,

108 2404 139 2447 ita
154 2406 247 2451 Hebraei
263 2409 342 2465 pertica
358 2410 466 2462 mensoria,
490 2425 547 2467 quae
563 2425 600 2455 sex
616 2412 688 2456 cubita
703 2412 813 2470 aequabat,
831 2413 926 2463 utantur,
942 2425 1001 2467 pror-

108 2492 144 2520 sus
163 2482 240 2537 negari
261 2481 297 2524 vix
317 2483 387 2538 potest
402 2481 536 2539 Babylonios
557 2483 581 2527 in
597 2485 701 2529 mensuris
721 2485 776 2542 apud
791 2485 901 2528 Hebraeos
921 2483 1001 2541 aliquid

110 2551 205 2596 valuisse.
233 2553 291 2597 Nam
307 2554 407 2612 Aegyptii
427 2556 473 2599 sota
495 2556 576 2614 orgyiat
596 2560 698 2615 quattuor
718 2558 846 2610 cubitorum,
868 2556 927 2600 cuius
942 2570 1002 2600 mena

109 2638 169 2668 surae
185 2625 210 2668 in
226 2629 297 2669 vetere
313 2628 439 2672 testamento
456 2629 541 2672 mentio
558 2632 650 2683 11011111,
666 2632 760 2675 utuntur.

170 2709 229 2762 Quae
246 2726 294 2755 cum
310 2712 341 2755 ita
357 2712 405 2765 sint,
421 2714 584 2772 longitudinem
600 2716 668 2760 cubiti
683 2716 767 2759 maioris
783 2718 831 2764 525
847 2730 898 2768 mm,
914 2713 1003 2758 minoris

111 2786 154 2829 450
170 2799 215 2827 mm
239 2800 340 2843 aequasse
361 2786 472 2830 dicendum
494 2790 534 2832 est.
566 2788 620 2833 Inde
641 2793 719 2834 ceterae
739 2804 853 2833 mensurae
875 2788 937 2832 facite
959 2789 1004 2832 erui

110 2859 206 2909 possunt.
631 2869 633 2874 ’

332 2948 398 2988 arctus
413 2950 507 2990 cubitum
593 2969 621 2985 =
639 2957 700 2994 0¹525
717 2966 737 2991 m

413 3011 491 3061 patmus
509 3011 576 3052 maior
593 3030 621 3046 =
639 3018 714 3055 0⁶2625
731 3026 750 3052 m

416 3072 495 3122 palmus
510 3072 579 3113 minor
594 3092 623 3107 τι
641 3078 717 3115 (10875
734 3087 754 3112 m

417 3132 495 3184 digitus
595 3152 625 3167 ι-
642 3139 746 3178 coelata
764 3148 785 3174 m
