2147 3361
433 87 577 125 Matrimonium
913 88 958 133 569

119 215 172 259 Cum
188 227 243 256 uxor
258 212 298 255 sub
315 211 423 267 potestate
445 210 484 254 viri
500 213 560 264 esset,
581 226 628 254 non
644 210 676 254 vir
697 211 737 253 sub
754 210 861 265 potestate
877 206 957 258 uxoris,

55 290 120 335 facile
136 286 270 343 intellegitur
285 284 389 328 maritum
406 284 432 326 ab
448 299 515 328 uxore
530 284 639 341 repudiari
655 299 701 327 uon
716 282 812 340 potuisse
822 286 836 328 2.
867 280 957 325 Contra-

55 364 114 409 rium
136 375 161 403 ex
182 359 247 403 sacris
268 357 345 401 litteris
366 357 453 414 probari
474 373 520 401 non
541 359 611 415 potest
632 357 754 414 frustraque
777 355 804 399 ad
824 355 858 399 Me
876 359 911 407 10,
928 358 957 401 12

58 436 191 495 provocatur.
224 432 254 475 At
274 430 358 474 ultimis
380 430 511 487 reipublicae
537 430 670 487 temporibus
695 429 833 486 impudentes
857 428 957 472 mulieres

56 508 160 554 ,tutatae
176 504 272 562 exemplo
284 506 434 547 matronarum
445 503 592 547 Romanarum
603 503 705 547 adductae
720 503 778 546 idem
794 502 837 546 sibi
852 502 887 544 ius
898 516 957 544 arro-

59 581 169 642 gaverunt.
189 578 288 621 Primum
304 576 328 620 in
344 576 436 620 historia
448 576 578 620 ludaeorum
594 576 716 632 exemplum
726 576 826 628 feminae,
843 589 898 632 quae
908 574 956 617 uiro

58 653 156 699 libellum
171 650 256 707 repudii
271 649 337 703 dedit,
357 650 414 693 illud
430 652 466 702 est,
488 649 546 707 quod
562 648 670 704 Josephus
685 648 720 692 Ad
738 651 772 702 15,
788 654 808 696 7.
826 652 854 696 10
876 648 901 690 de
917 646 955 691 Sa-

59 729 120 778 lome,
135 724 257 782 Antipatris
268 723 314 767 filia
330 738 355 766 ac
365 721 457 767 Herodis
469 722 545 780 Magni
556 736 629 775 uxore,
646 721 726 765 tradit:
743 722 823 782 Πέμπει
840 728 876 781 μέν
892 722 957 773 eoem

59 801 112 861 αὐτῷ
129 797 255 858 (Costobaro
270 798 350 840 marito
366 802 414 854 suo)
435 802 564 857 γραμμάτιον
581 798 713 855 ἀπολυομένη
731 801 764 841 aba
781 801 846 857 γάμον
863 795 887 841 ci>
903 800 957 841 ματα

59 879 106 925 τοὺς
127 872 231 918 Ἰουδαίων
253 877 327 932 νόμοος
344 887 348 896 ·
365 872 423 930 ἀνδρί
444 875 480 929 μέν
502 875 541 928 γὰρ
564 871 638 920 ἐ’ξεστιν
663 869 712 928 παρ’
735 871 783 932 ἡμῖν
806 877 865 915 τοῦτο
888 877 955 919 ποιεῖν,

56 950 137 1004 γυναικί
158 948 180 990 δὲ
201 944 248 989 οδδὲ
264 948 429 1006 διαχωρισθείσῃ
452 944 503 988 καθ’
524 942 587 1002 αδτὴν
607 946 730 1004 γαμηθῆναι
753 948 780 1003 μὴ
802 951 838 987 τοῦ
858 948 956 1001 πρότερον

59 1023 132 1078 ἀνδρὸς
155 1019 250 1077 ἐφιέντος.
281 1016 380 1060 Alterum
403 1017 496 1060 occurrit
517 1015 546 1059 ib.
569 1019 603 1064 18,
627 1019 646 1063 5.
668 1020 682 1062 4
705 1014 731 1058 de
753 1013 880 1065 Herodiade,
903 1028 957 1070 quae

55 1092 128 1150 priore
144 1090 223 1133 marito
235 1089 324 1142 Herode,
341 1089 432 1133 Herodis
443 1088 519 1146 Magni
535 1087 587 1140 filie,
604 1086 693 1131 dimisso
710 1087 756 1130 eius
774 1086 836 1130 fratri
852 1101 956 1143 germano

54 1165 144 1216 Herodi,
161 1163 281 1208 tetrarchae
298 1162 411 1216 Galilaeae,
428 1161 508 1219 nupsit.
535 1160 698 1204 Animadvertit
714 1159 821 1218 losephus
841 1160 907 1204 etiam
922 1159 958 1202 liic

59 1239 82 1282 id
103 1240 177 1282 contra
197 1236 278 1294 patrias
298 1237 356 1295 leges
377 1236 459 1280 factum
480 1250 524 1279 esse
545 1234 651 1278 scribens:
678 1234 785 1294 Ἡρωδιὰς
806 1234 838 1280 aa
860 1238 958 1294 συγχέασα

59 1318 180 1372 φρονήσασα
195 1322 233 1358 των
249 1315 338 1370 πατρίων
349 1310 435 1370 Ἡρώδῃ
452 1319 545 1369 γαμεῖται
561 1318 596 1354 τοῦ
613 1310 688 1369 ἀνδρὸς
704 1319 732 1369 τῷ
744 1308 862 1367 ὁμοπατρίῳ
874 1308 957 1369 ἀδελφῷ

60 1388 159 1430 διαστᾶσα
176 1389 256 1435 [orror.
282 1383 372 1426 Poterat
387 1384 461 1425 tamen
481 1396 536 1425 uxor
556 1381 657 1425 maritum
675 1380 798 1438 relinquere
819 1379 853 1423 vel
869 1382 958 1436 propter

60 1456 189 1500 adulterium
204 1455 238 1499 vel
248 1457 336 1512 propter
347 1455 400 1499 alias
410 1455 478 1499 iustas
489 1469 572 1506 causam
590 1454 648 1511 quod
660 1453 761 1497 omnibus
773 1453 900 1496 mulieribus
912 1452 958 1495 iure

60 1532 148 1573 naturae
164 1529 291 1585 permissum
308 1533 340 1572 est
350 1532 364 1571 ³.

123 1665 131 1692 1
147 1666 205 1712 auec
220 1667 241 1706 Π
257 1667 291 1706 Sm
309 1673 327 1715 3,
346 1673 397 1708 14a
413 1667 507 1718 legimus,
529 1666 569 1706 huc
589 1679 631 1706 non
650 1666 751 1718 pertinet3
772 1679 820 1705 nam
836 1666 900 1706 Dauid
916 1679 958 1705 non

59 1726 85 1773 vi,
103 1728 137 1765 secl
153 1726 203 1775 iure,
221 1728 276 1778 quod
288 1740 348 1767 suurn
360 1729 410 1776 erat,
427 1727 539 1768 vindicavit
555 1740 577 1767 ac
587 1727 722 1778 recuperavit.
738 1750 767 1756 —-
784 1727 874 1767 lloribus
890 1730 958 1767 autem

59 1788 190 1838 antiquorum
209 1788 318 1828 Arabum
346 1788 420 1828 licebat
440 1801 524 1828 uxorem
545 1788 650 1828 dimissam
669 1801 741 1827 rursus
762 1788 785 1827 iu
805 1788 958 1829 matrimonium

61 1848 155 1899 accipere,
178 1848 217 1888 etei
233 1849 312 1889 interea
329 1849 388 1888 alteri
404 1849 448 1890 viro
464 1851 570 1901 nupserat,
592 1851 613 1889 et
628 1845 700 1895 Koraia
716 1849 792 1889 diserte
809 1849 913 1900 praecipit,
934 1863 959 1889 ne

58 1921 108 1948 uxor
125 1905 205 1949 dimissa
221 1910 338 1962 recipiatur,
355 1910 397 1950 nisi
413 1910 431 1949 si
447 1910 525 1950 interea
540 1923 591 1950 uxor
608 1910 692 1949 alterius
709 1909 763 1950 lacta
779 1911 811 1950 sit.

121 1994 129 2019 2
145 1994 174 2033 Ex
190 1995 235 2034 iure
251 1995 462 2046 Babyloniorum
484 1995 616 2046 antiquorum
632 1995 715 2035 mulieri
735 1996 768 2034 ius
790 1995 872 2035 discidii
889 2008 958 2036 conce-

60 2054 124 2093 ditur:
142 2051 161 2110 a)
178 2055 195 2094 si
210 2055 296 2095 maritus
313 2055 365 2095 bello
377 2057 448 2108 captus
466 2057 497 2095 est
512 2069 579 2108 neque
594 2057 639 2108 ipsa
649 2056 708 2095 bonis
725 2057 750 2095 ab
768 2069 790 2096 eo
802 2056 878 2096 relictis
895 2057 959 2096 uitam

60 2117 174 2155 sustentare
190 2118 259 2166 potest
276 2114 295 2172 (ἓ
315 2113 375 2173 134);
399 2117 432 2156 sin
448 2118 534 2157 maritus
552 2131 575 2156 ex
592 2117 712 2168 captivitate
728 2116 796 2167 rediit,
817 2118 862 2168 ipsa
878 2131 959 2169 quoque

59 2176 83 2214 ad
100 2189 146 2216 eum
162 2177 228 2217 redire
244 2177 314 2225 debet3
335 2177 396 2217 liberi
413 2179 488 2225 autem,
506 2178 523 2217 si
540 2191 591 2230 quos
608 2192 620 2217 a
637 2177 725 2219 secundo
742 2178 785 2218 viro
801 2179 887 2230 peperit,
904 2179 959 2230 apud

59 2239 137 2287 patrem
158 2240 242 2278 manent
264 2236 284 2295 (ἓ
303 2234 366 2293 135);
389 2235 410 2293 b)
433 2238 450 2278 si
472 2252 483 2278 a
504 2240 577 2279 marito
600 2240 689 2291 maligne
710 2239 782 2278 relicta
804 2244 836 2279 est
858 2237 877 2295 (ἓ
897 2236 959 2295 ]36);

60 2294 78 2352 ο)
95 2298 112 2337 si
128 2299 182 2349 apud
199 2299 276 2339 iudices
293 2299 433 2339 demonstrare
454 2300 523 2351 potuit
543 2300 611 2340 virum
632 2300 672 2339 sibi
694 2300 824 2340 concubitum
845 2301 959 2340 maritalem

59 2359 183 2400 recusavisse
200 2356 294 2416 (ἓ142);
312 2361 344 2400 sin
361 2360 456 2411 apparuit
472 2361 537 2411 ipsam
553 2361 573 2400 in
585 2361 644 2412 culpa
655 2373 703 2409 esse,
721 2361 847 2412 demergitur
863 2358 958 2417 (ἓ143);

60 2414 81 2473 d)
100 2420 117 2458 si
133 2416 198 2468 talita,
215 2421 287 2461 morbo
304 2421 371 2461 adhuc
387 2421 496 2473 incognito,
519 2422 589 2462 affecta
606 2424 636 2461 est
652 2435 719 2473 neque
735 2422 790 2461 domi
806 2422 875 2461 mariti
891 2424 960 2463 vivere

59 2479 104 2519 vua
119 2475 139 2535 (ἓ
158 2479 216 2537 ire).

119 2553 189 2593 Etiam
204 2555 399 2606 Aegyptiorum
420 2555 483 2596 moris
500 2559 544 2596 erat
559 2556 618 2596 uxori
639 2556 671 2595 ins
692 2555 772 2596 discidii
788 2555 909 2596 adiudicare.
937 2556 960 2596 ld

59 2612 132 2653 ludaei
149 2628 237 2667 quoque,
254 2616 328 2667 quiin
344 2615 549 2669 Elephantine-Syene
565 2617 689 2667 habitabant,
711 2617 776 2657 secuti
792 2617 846 2665 sunt,
868 2616 889 2656 id
906 2618 960 2667 quod

60 2686 83 2712 ex
99 2676 183 2727 papyris
199 2677 302 2717 Aramaeis
320 2676 349 2716 ibi
367 2677 456 2717 inventis
472 2680 562 2729 apparet.

123 2760 177 2801 ³Ex
197 2763 247 2802 locis
268 2765 337 2803 autem
357 2764 386 2803 Ex
404 2769 439 2812 21,
463 2769 534 2806 8-11
558 2767 579 2804 ct
594 2765 621 2804 Dt
638 2771 672 2813 21,
692 2770 718 2805 14
741 2762 811 2814 colligi
830 2775 872 2803 non
893 2764 962 2813 potest

60 2821 117 2860 uxori
137 2822 169 2862 ius
189 2823 253 2863 fuisse
276 2823 386 2865 divortium
408 2825 533 2875 postulandi,
556 2826 610 2876 quod
626 2825 710 2865 maritus
733 2824 752 2863 ci
773 2826 809 2864 aut
830 2823 961 2864 concubitum

60 2885 162 2922 recusaret
182 2887 218 2923 aut
238 2898 309 2936 parum
333 2885 427 2924 alimenti
448 2887 468 2925 et
488 2886 550 2927 vestis
565 2886 677 2937 praeberet.
700 2885 772 2935 Neque
789 2885 842 2924 euim
864 2885 885 2924 id
901 2899 961 2937 prae-

61 2943 147 2993 ceptum,
169 2945 224 2996 quod
244 2946 274 2985 ibi
290 2946 357 2993 datur,
380 2959 406 2985 ne
427 2946 512 2987 ancillae
528 2950 608 2998 emptae
628 2959 679 2986 neve
699 2945 786 2985 feminae
806 2945 861 2984 bello
883 2949 959 2998 captae,

60 3014 111 3052 quae
128 3006 252 3047 concubinae
268 3007 301 3047 vel
317 3019 389 3046 uxores
405 3007 471 3047 factae
488 3011 542 3058 sunt,
564 3008 581 3047 si
597 3007 646 3048 uiris
662 3008 700 3047 iam
717 3019 758 3046 non
774 3006 862 3058 placent,
885 3007 961 3048 iterum

60 3064 93 3102 vel
109 3064 131 3105 in
146 3067 268 3107 servitutem
285 3068 405 3119 redigantur
420 3068 454 3109 ve]
469 3071 562 3117 veneant,
579 3069 604 3109 ad
620 3068 715 3107 mulieres
727 3067 808 3115 liberas,
826 3081 877 3119 quae
888 3082 962 3109 uxores

58 3122 134 3165 ductae
151 3129 206 3178 sunt,
226 3128 354 3169 referendum
370 3130 407 3169 est.
