2165 3388
133 95 177 139 342
426 91 472 129 Pars
485 92 499 128 l.
521 92 652 139 Antiquitatos
665 104 729 129 sacrae

133 218 227 259 rationes.
254 219 322 269 Atque
338 218 405 270 opinio
422 218 462 267 illa,
479 232 539 271 quam
556 218 574 260 J.
586 220 702 271 Spencer
718 216 757 276 (op.
769 219 803 259 all.
814 220 827 259 l.
840 225 858 261 2.
870 232 885 261 e.
899 226 933 262 15.
944 221 991 259 sect.
1005 217 1029 275 2)

133 279 271 330 compluribus
286 279 407 319 testimoniis
422 280 507 331 probare
523 280 602 321 studuit
616 280 695 321 Jahven
710 281 775 332 legem
791 280 933 332 superstitioni
944 281 1030 332 Aegyp·

133 340 224 387 tiorum,
234 340 270 391 qui
284 352 364 380 vaccam
380 340 470 392 inrpense
486 342 639 391 venerabantur,
661 342 767 382 adversam
782 341 834 381 ferre
850 341 937 382 voluisse
953 354 1029 393 parurn

132 400 250 440 verisimilis
261 401 348 451 videtur,
361 402 420 453 'quod
434 401 457 441 in
473 403 534 442 saeris
545 403 681 442 Hebraeorum
697 402 759 442 etiam
774 402 814 441 alia
829 403 882 442 haud
899 416 964 453 pauca
980 415 1026 442 eum

133 460 194 501 sacris
210 461 359 514 Aegyptiorum
379 463 426 514 plus
446 463 540 505 minusve
561 463 666 504 convenire
687 465 723 503 aut
743 463 769 502 iis
785 462 860 502 similia
876 475 919 502 esse
940 465 1026 504 constat¹

132 522 186 562 Fieri
201 524 269 562 autem
286 523 319 563 vix
334 524 407 575 potest,
428 526 453 564 ut
469 536 538 565 causas
555 524 644 565 omnium
660 523 733 565 veteris
749 523 865 564 testamenti
884 523 963 565 rituum
980 537 1026 563 eru-

133 595 195 632 amus,
212 583 287 635 quippe
303 585 339 636 qui
355 584 414 625 certis
430 585 552 636 quibusdam
568 584 696 636 opinionibus
712 583 813 634 nituntur,
830 597 881 635 quas
897 598 952 625 nune
968 585 1030 636 igno-x

133 657 206 686 ramus.
237 644 294 684 Unde
309 646 362 685 ratio
377 645 435 685 reddi
450 659 491 686 non
506 648 577 697 potest,
598 644 762 694 cartusiensem,
784 645 868 686 ecuius
891 645 957 686 cinere
974 658 1027 697 aqua

132 705 224 745 lustralis
240 706 330 757 paranda
345 710 395 754 erat,
410 708 451 756 rufi
470 707 542 747 eoloris
559 718 602 746 esse
618 706 735 757 oportuerit.
767 706 819 746 Nam
835 719 886 757 quae
902 706 921 747 J.
938 707 1032 758 Spencer·

133 767 196 816 affert,
213 777 254 805 non
271 767 403 807 satisfaciunt.
430 767 510 819 Repetit
522 767 576 807 enim
586 767 638 807 illud
650 769 780 818 praeceptum
791 766 845 814 inde,
863 767 917 818 quod
928 767 1028 819 Aegyptii

133 826 230 879 Typhoni,
251 827 311 880 genio
332 831 391 877 malo,
413 842 472 880 quem
493 829 558 868 colore
574 828 620 867 rufo
636 840 680 868 esse
696 828 805 868 eredebant
826 825 901 884 (Plut.
914 828 947 868 =De
962 829 989 868 Is,
1006 830 1029 867 et

134 887 166 928 Os.
183 885 193 933 ἓ
209 894 248 930 22:
265 885 339 944 tepebat
355 885 474 944 Αἰγύπτιοι.
487 919 508 930 ..
524 884 657 945 astrapaea
672 895 697 945 τῇ
714 892 768 945 χρόᾳ
784 885 875 945 πυρρόν),
891 889 954 929 boves
970 889 1031 929 rufos

133 949 273 989 tantummodo
294 949 431 997 immolabant,
453 950 528 1001 quibus
549 949 593 990 eius
614 949 664 989 iram
680 949 794 990 delenirent
815 950 840 989 ab
860 962 923 1002 eoque
939 945 1028 1003 gratiam

134 1009 253 1061 acciperent.
284 1011 367 1050 Nullius
384 1023 464 1062 quoque
484 1010 583 1051 momenti
602 1011 639 1050 hae
662 1010 776 1050 sententiae
799 1010 945 1051 existimandae
967 1015 1026 1051 sunt:

133 1071 222 1122 primum
241 1071 278 1110 illa
293 1067 430 1120 rabbinorum,
452 1072 488 1123 qui
503 1071 572 1111 rufum
588 1072 684 1112 iuvencae
700 1072 786 1112 colorem
801 1071 826 1110 ad
842 1068 922 1111 fulvum
938 1073 1031 1113 colorem

133 1131 193 1172 vituli
213 1131 235 1172 in
251 1131 329 1172 deserto
348 1132 409 1173 erecti
429 1132 526 1180 referunt,
548 1131 584 1184 qui
604 1132 659 1182 quod
680 1132 788 1182 colebatur,
810 1132 905 1172 sacrificio
927 1133 1029 1173 iuvencae

133 1192 254 1244 expiandum
274 1192 336 1233 fuisse
357 1192 428 1233 dicunt
448 1189 579 1250 (Thomas,
601 1193 620 1235 S.
637 1193 665 1236 th.
683 1200 701 1241 1,
720 1199 738 1234 2.
760 1206 793 1243 qu,
813 1199 860 1235 102.
881 1207 898 1236 a.
917 1200 935 1236 5.
957 1194 983 1232 ad
1000 1200 1024 1236 5:

133 1253 185 1303 „Nm
202 1266 218 1293 c.
232 1260 258 1295 19
275 1253 383 1293 mandatur
394 1267 405 1293 a
416 1253 502 1302 domino,
520 1253 574 1306 quod
589 1253 688 1305 accipiant
701 1266 781 1294 vaccam
796 1253 863 1293 rufam
874 1254 896 1294 in
907 1253 1029 1294 memoriam

133 1314 214 1365 peccati,
235 1314 289 1366 quod
304 1315 449 1355 commiserunt
464 1315 487 1355 in
502 1314 618 1355 adoratione
633 1311 729 1369 rituli“);
750 1314 823 1354 deinde
840 1314 908 1366 opinio
929 1316 1030 1355 iuveneas

132 1375 187 1415 rulas
202 1378 286 1427 propter
301 1376 407 1415 raritatem
423 1376 495 1416 electas
511 1388 553 1415 esse
569 1372 602 1431 (H.
617 1375 722 1424 Neland,
739 1376 823 1425 Antiqu.
840 1387 889 1419 saer,
906 1382 925 1426 2,
943 1382 963 1424 5,
982 1371 1030 1431 23),

193 1481 250 1524 Haec
266 1480 353 1524 victima
373 1483 483 1538 tamquam
494 1465 620 1523 ¹remedium
640 1479 764 1523 infectionis
784 1479 861 1523 mortis
880 1480 927 1537 ipso
948 1495 1031 1538 genere·

134 1553 240 1613 (irretiebat
255 1554 268 1596 i.
279 1568 296 1596 e.
306 1553 408 1610 pariente,
425 1553 451 1601 ef,
467 1551 501 1596 Gn
518 1558 537 1605 3,
549 1554 593 1611 20),
611 1552 681 1596 colore
697 1552 770 1612 (rubro
786 1552 799 1594 i.
811 1567 828 1599 e,
839 1552 911 1613 ritae),
927 1553 1025 1609 proprie-

133 1627 213 1671 tatibus
235 1626 325 1687 (animal
340 1625 389 1670 vitii
410 1641 489 1683 expers,
511 1626 568 1684 quod
588 1625 684 1669 humano
700 1624 749 1668 usui
764 1625 862 1668 nondum
879 1626 988 1685 servierat)
1006 1629 1026 1668 et

132 1700 195 1744 rebus
211 1699 317 1744 adiunctis
333 1700 399 1760 (lippo
415 1700 499 1743 cedrino
515 1699 527 1742 i.
539 1714 555 1746 e,
572 1697 669 1754 symbolo
685 1698 860 1755 incorruptionis,
877 1699 967 1758 hyssopo
984 1699 1031 1744 ie..

133 1773 231 1830 symbolo
248 1773 389 1831 purgationis,
405 1788 461 1818 cocco
478 1774 490 1816 i.
507 1787 524 1821 e,
540 1772 639 1829 symbolo
655 1772 727 1832 vitae),
748 1787 799 1830 ergo
816 1773 876 1816 omni
893 1788 931 1817 suo
948 1773 1031 1833 halaitu.

133 1861 241 1889 summum
256 1846 353 1903 vigorem
373 1850 445 1904 aperte
461 1845 592 1903 ostendebat,
613 1848 638 1889 ut
652 1845 730 1889 idonea
745 1845 814 1889 videri
828 1849 906 1902 posset,
923 1861 977 1903 quae
993 1846 1030 1889 lu·-

133 1919 260 1963 strationem
282 1920 379 1967 effieeret.
417 1919 492 1977 Neque
513 1919 577 1976 plane
602 1918 734 1976 repudianda
758 1918 852 1962 ridetur
868 1919 1025 1962 nonnullorum

134 1991 200 2050 (velut
216 1992 366 2051 Abarbanelis)
388 1991 509 2036 coniectura
529 1991 609 2034 animal
630 1991 760 2034 femininum
780 1991 938 2035 immolandum
959 1992 1030 2035 fuisse-

132 2066 157 2107 ut
172 2064 291 2123 imaginem
306 2065 372 2109 totius
388 2065 469 2122 prpuli,
486 2065 564 2123 quippe
581 2079 628 2107 cum
639 2064 730 2108 Hebraei
746 2064 842 2108 civitates
852 2068 874 2108 et
884 2068 960 2123 gentes
977 2079 1031 2109 eum,

132 2137 218 2181 feminis
234 2153 357 2194 comparare
373 2141 451 2182 ament.

193 2212 261 2255 Huius
282 2212 383 2256 iuvencae
403 2212 529 2256 sacrificium
550 2212 618 2268 pietas
638 2215 724 2268 patruni
740 2213 909 2269 scriptorumque
926 2211 1026 2255 ecelesia-

132 2286 236 2329 sticorum
252 2285 325 2329 multis
342 2285 411 2329 modis
426 2285 539 2343 sprnholiec
554 2285 695 2341 interpretata
711 2286 754 2329 est:
769 2287 883 2329 iuvencam
894 2285 953 2328 enini
965 2287 1031 2327 extra

133 2360 201 2401 castra
224 2358 316 2418 (urbem)
337 2358 469 2402 immolatam
492 2372 536 2401 esse
555 2358 581 2400 ut
600 2360 676 2415 typum
698 2357 777 2402 Christi
797 2360 838 2411 ἔξω
856 2369 895 2420 τῆς
911 2360 980 2418 πὺλης
1002 2357 1025 2399 in

133 2445 194 2474 cruce
216 2431 272 2487 passi
294 2431 362 2489 (Hebr
383 2435 417 2485 13,
439 2432 475 2491 2);
500 2431 545 2474 eius
567 2430 695 2488 sanguinem
715 2445 777 2488 super
798 2440 896 2474 montem
919 2430 1030 2474 olivarum.

132 2504 224 2547 effusum
240 2518 284 2547 esse
299 2504 416 2562 imaginem
433 2503 511 2548 Christi
527 2504 550 2547 in
567 2504 641 2547 eodem
657 2507 731 2548 monte
748 2503 827 2561 agonia
848 2503 937 2547 cruciati
953 2505 975 2546 et
990 2518 1026 2545 su-

132 2577 206 2620 dorem
226 2577 369 2635 sanguineum
389 2576 519 2620 effundentis
540 2576 578 2635 (Le
593 2581 629 2629 22,
644 2578 694 2637 44);
716 2577 802 2621 fumum
817 2576 923 2631 victimae,
945 2575 983 2633 qui
1000 2589 1029 2618 ex*

132 2649 207 2694 eodem
227 2650 275 2693 loeo
297 2650 324 2693 ad
346 2651 426 2694 caelum
447 2650 590 2702 adscenderet,
612 2649 675 2693 nobis
696 2650 852 2708 redemptorem
872 2649 898 2693 de
919 2649 1026 2693 olivarum

132 2726 206 2767 monte
222 2722 250 2766 ad
265 2723 347 2766 eaelum
368 2723 532 2767 adscendentem
547 2722 642 2767 indicare
664 2723 876 2783 (A0t1‚10-12);
898 2737 976 2780 aquam
991 2722 1028 2764 lu-

132 2796 244 2840 strationis
260 2798 286 2838 ut
301 2799 376 2853 typum
392 2790 459 2854 aquae
475 2796 610 2853 baptismatis
627 2796 803 2840 considerandam
819 2811 870 2839 esse.

192 2906 224 2945 Ita
240 2907 320 2957 praeter
335 2905 384 2945 alios
399 2906 532 2945 Barnabas
548 2901 619 2961 (Epist.
631 2905 682 2947 catti.
694 2917 709 2945 c.
722 2910 741 2948 8.
757 2904 818 2944 lise
830 2910 849 2952 2,
862 2899 922 2959 148),
938 2904 1029 2954 Augu--

132 2967 213 3006 stinus
225 2965 314 3021 (Quaest.
325 2965 347 3006 in
358 2966 490 3018 Heptateuch.
502 2966 515 3008 l.
528 2971 547 3007 4.
558 2978 592 3016 qu.
605 2971 638 3008 33.
655 2966 711 3006 list
724 2971 758 3014 34,
771 2961 829 3020 133),
841 2964 988 3017 Gregorius
999 2963 1024 3003 ll.

132 3028 225 3081 (Explan.
241 3028 263 3067 in
279 3027 312 3069 IV.
328 3028 360 3070 Ps.
374 3028 447 3079 paenit.
464 3024 475 3071 ἓ
493 3034 511 3069 9.
527 3026 554 3066 ib.
568 3023 671 3081 19,581),
688 3026 818 3078 Nphraem
834 3026 915 3077 Syrus
932 3022 1025 3081 [Explan.

131 3089 152 3128 in
167 3089 202 3129 Lr.
220 3101 234 3128 e
249 3095 282 3131 10.
299 3099 344 3139 opp.
355 3087 371 3137 I,
388 3085 447 3144 241),
463 3110 492 3117 -
508 3087 621 3136 Thomas,
639 3087 657 3129 S.
673 3088 702 3127 th.
720 3094 737 3136 1,
751 3093 769 3128 2.
786 3100 819 3137 qn.
834 3092 881 3128 102.
899 3100 915 3127 a.
927 3092 946 3129 5.
964 3085 989 3125 ad
1002 3091 1024 3127 5:

130 3150 181 3199 „Per
192 3162 273 3190 vaccam
283 3149 350 3189 rutam
366 3149 490 3201 significatur
502 3148 593 3189 Christus
610 3148 720 3188 secundum
736 3147 876 3188 infirmitatem
892 3148 1027 3198 assumptam,
