2147 3361
544 55 595 93 Vota
975 57 1018 101 391

183 189 291 230 Nariraeus
313 187 371 225 honio
394 183 430 222 deo
452 182 531 222 (litatus
554 185 602 231 erat,
626 183 662 234 qui
683 195 704 222 se
725 194 756 222 res
777 180 857 222 divinas
879 178 1019 230 contemplans

124 250 241 294 effitientiae
257 246 371 300 gratiarum
387 243 419 284 dei
431 242 503 283 dedere
519 243 612 283 debebat.
640 244 715 284 Vinum
731 243 801 283 bibere
817 241 894 282 vetitus
911 242 947 289 est,
965 239 1020 290 [prod

124 314 214 355 ardorem
234 309 278 348 eius
294 306 357 346 animi
376 317 418 344 non
435 318 446 343 a
461 306 529 344 terroe
545 304 609 352 donis,
631 305 666 344 sed
683 318 694 344 a
711 304 747 344 deo
768 303 822 344 nasei
843 304 931 354 opertet,
962 300 1019 340 Idem

124 387 199 415 comam
218 369 301 410 tondere
317 366 399 413 vetitus,
422 364 457 404 sed
473 364 593 416 promittere
609 363 678 404 iussus
695 367 732 413 est,
754 367 778 405 ut
793 364 837 417 ipso
853 363 926 404 habitu
942 362 1020 402 indicet

124 448 144 475 se
160 445 202 474 esse
213 429 245 470 dei
262 430 366 478 cultorem,
383 425 467 477 quires
484 437 547 465 vanas
563 425 659 477 neglegat
675 438 741 477 neque
757 425 782 465 aa
798 425 841 465 ulla
855 438 878 465 re
893 424 934 464 nisi
946 424 970 463 de
981 422 1019 462 deo

123 495 205 535 laboret.
235 490 326 540 Denique
344 487 422 528 nullius
442 485 521 527 mortui
542 485 661 537 contagione
682 485 735 525 affioi
751 486 816 534 debet,
839 486 893 538 quod
910 485 947 525 deo
963 484 1020 525 ritae

63 596 64 599 ,
124 555 224 596 dedicatus
241 552 278 590 est.
308 549 341 589 lta
361 543 419 599 quasi
439 547 522 587 coaetus
543 548 575 585 est
596 546 728 586 solitudinem
749 549 823 598 petere
844 549 869 586 ut
884 548 975 591 remotas
992 545 1019 585 ab

124 615 185 656 oeulis
201 624 223 652 ao
239 610 325 661 strepitu
341 608 447 648 hominum
462 608 561 656 animum,
578 606 615 658 qui
626 607 702 659 gratias
714 607 746 646 dei
759 607 818 647 faaile
830 608 922 659 exeipia'q
939 607 1019 647 habeat.

123 678 154 716 lta
174 686 219 714 oum
239 684 271 711 res
291 683 312 710 se
333 669 437 717 habereut,
458 668 514 719 quod
535 679 585 720 gens
602 667 701 707 Hebraiea
721 668 776 708 inter
795 669 866 721 gentes
882 668 980 717 ethnicas,
996 667 1019 706 id

123 736 225 777 nariraeus
241 732 263 771 in
278 732 338 783 gente
355 742 393 770 sua
409 730 458 770 erat.

182 818 313 859 Naairaeatus
329 817 391 868 typus
407 815 462 856 vitae
479 814 630 854 abstinentium
641 816 662 853 et
673 813 820 853 continentium
836 813 884 854 nori
900 813 1017 853 testament'

123 884 158 922 est.
175 880 218 926 oua
228 878 254 917 de
264 891 286 917 re
297 877 387 917 conferas
398 876 504 929 Gregor.
516 876 573 916 Nar.
591 875 648 915 Orat
657 879 692 916 43.
709 873 760 913 MS&
773 880 807 922 36⁷
821 879 870 916 533.
887 874 1018 926 Gregorlli.

123 942 166 981 Lib.
179 946 211 982 32.
227 939 297 981 moral.
313 938 336 977 in
352 937 392 979 Job
409 950 425 977 o.
438 943 472 980 22.
489 936 540 976 MSL
559 942 593 988 76,
606 941 656 977 663.
672 935 756 974 Thom.
773 934 792 976 S.
807 934 836 976 th.
854 940 873 983 2,
886 941 905 977 2.
922 947 955 986 qu.
969 940 1017 978 186.

123 1016 140 1042 a.
157 1008 180 1043 6:
200 1000 251 1049 „Per
267 1011 300 1039 eos
317 994 437 1054 (nauiraeos)
454 997 597 1050 significantur
612 992 652 1045 illi,
674 997 710 1047 qui
727 996 752 1035 ad
771 995 901 1047 perfeetionis
918 1008 1019 1035 summam

123 1061 260 1113 pertingunt‘.
286 1059 354 1099 Etiam
365 1059 429 1099 oblati
440 1059 476 1110 qui
486 1060 587 1099 vorantur
597 1056 676 1097 mediae
687 1057 767 1104 aetatis,
781 1056 816 1107 qui
827 1056 915 1107 aprima
925 1055 1018 1108 pueritia,

123 1121 225 1161 interdum
238 1120 279 1160 iam
289 1122 336 1160 ante
351 1120 434 1171 partum
445 1120 482 1159 deo
493 1119 622 1160 vovebantur
632 1117 717 1169 uotique
728 1117 749 1158 iu
760 1117 855 1158 claustris
871 1117 1018 1165 adolescebant,

123 1182 218 1221 nariraeis
235 1181 346 1232 comparari
361 1182 455 1232 possunt.

183 1302 296 1341 aidraototr'o.
316 1324 347 1330 —
365 1300 468 1340 Naziraeis
490 1300 579 1351 quodam
599 1299 660 1340 modo
682 1299 759 1339 similes
780 1302 838 1340 erant
858 1299 1019 1340 Reohabitae

124 1360 207 1419 (²³:31),
230 1375 317 1413 quorum
338 1361 459 1401 institutum
482 1361 526 1400 sine
548 1362 596 1402 roto
613 1360 702 1411 quidem,
726 1371 767 1400 non
787 1362 857 1401 tamen
878 1361 922 1401 siue
945 1373 1018 1413 appro-

122 1423 203 1462 batione
224 1422 292 1463 divina
312 1421 375 1462 vitam
398 1421 512 1473 simplicem
531 1422 554 1461 iu
574 1420 713 1461 tabernaculis
733 1421 766 1462 rel
785 1422 881 1462 tentoriis
902 1424 962 1473 atque
983 1421 1018 1461 ab·

123 1483 240 1523 stiuentiam
256 1496 267 1522 a
282 1482 386 1523 vinearum
403 1484 424 1522 et
440 1495 538 1533 agrorum
555 1481 636 1522 oultura
651 1482 769 1534 imponebat
785 1478 829 1538 (Jer
846 1487 881 1532 35,
898 1478 987 1538 2—10).

182 1568 209 1607 Ut
227 1567 353 1617 Reohabitae,
374 1568 404 1607 ita
419 1567 553 1607 Nabataei
573 1580 655 1619 quoque
676 1568 724 1609 vino
744 1568 874 1609 abstinebant
895 1564 963 1624 (Diod.
980 1568 1019 1607 sa.

122 1628 173 1669 Bibl.
189 1628 235 1669 hist.
255 1634 287 1676 19,
301 1625 342 1683 94).
368 1628 429 1679 Apud
445 1629 548 1670 Romanos
564 1641 612 1669 vero
629 1629 703 1669 flamen
717 1628 780 1669 Dialis
796 1630 860 1670 ritem
876 1643 901 1669 ne
918 1630 1019 1680 attingere

122 1688 203 1739 quidem
219 1688 306 1728 debebat
322 1687 355 1742 (af.
366 1689 417 1728 raa.
435 1689 517 1738 Quaest.
533 1690 591 1730 Rom.
608 1702 623 1733 o
642 1687 701 1745 112).
727 1690 799 1730 (iraeoi
815 1692 883 1730 autem
898 1690 1019 1730 fabulantur

121 1748 213 1795 loarium,
235 1761 280 1787 eum
301 1749 379 1799 primus
400 1750 421 1789 in
437 1750 507 1790 Attiou
522 1751 587 1791 vitem
610 1751 689 1800 coleret,
711 1752 873 1803 apopularibus
889 1751 1019 1791 intersertum

122 1821 172 1848 esse.
202 1809 234 1848 Ad
254 1810 291 1849 hoo
311 1811 390 1850 constat
405 1810 484 1850 Arabes
505 1812 602 1863 antiquos
619 1826 630 1851 a
645 1812 688 1852 vite
703 1808 838 1869 [abhorruisse
856 1813 876 1852 et
892 1812 1019 1853 liehammert

122 1869 192 1918 vinum
208 1869 252 1909 bibi
268 1870 362 1913 vetuisse.

182 1998 207 2054 (l)
224 1998 286 2041 Haud
301 1999 374 2054 parmis
385 2000 501 2045 verisimile
512 2002 598 2046 videtur
614 1994 760 2047 naziraeatum
771 2004 917 2048 Hebraeorum
934 2019 958 2047 ea
968 2005 1019 2049 reli-

120 2070 181 2124 piorre
195 2071 311 2127 paratarma,
327 2072 434 2129 imprimis
444 2074 610 2133 Aegyptiorum,
627 2079 700 2120 ortum
716 2092 766 2124 esse.
793 2076 855 2130 Quod
871 2077 914 2121 iam
926 2077 1019 2133 cyrillus

123 2141 279 2186 Alexandrinus
295 2144 337 2204 (De
352 2146 434 2193 adorat.
445 2147 469 2191 in
486 2149 569 2205 spiret
583 2151 718 2198 verit.l.16.
734 2148 790 2194 MSG
807 2155 843 2204 68,
861 2151 928 2211 roal)
945 2151 1018 2210 existi-

122 2214 195 2266 marit,
211 2215 248 2272 qui
263 2218 378 2263 memoriae
393 2220 468 2276 prodit
484 2222 541 2278 apud
555 2223 676 2281 Aegyptios
692 2239 775 2267 morem
791 2224 856 2268 fuisse
873 2223 912 2267 (liis
928 2224 1018 2281 capillos

122 2300 249 2340 consecrare,
266 2288 340 2333 Mosen
353 2293 426 2335 autem
437 2293 552 2347 Hebraeos,
569 2296 606 2352 qui
622 2295 682 2339 laune
697 2310 780 2340 morem
795 2298 928 2354 recepissent,
944 2298 963 2340 si
978 2312 1018 2340 na-

121 2359 236 2403 ziraeatum
256 2362 376 2420 elegissent,
398 2366 488 2421 capillos
509 2382 632 2411 consecrare
652 2369 744 2422 iussisse,
766 2372 791 2413 ut
808 2370 871 2413 ilium
892 2370 974 2413 cultum
990 2369 1017 2413 ad

121 2446 189 2475 uuum
208 2448 282 2478 verum
302 2435 365 2479 deum
385 2438 496 2492 referrent,
519 2441 575 2484 sieut
596 2441 648 2486 <leus
670 2442 715 2499 ipse
736 2443 809 2486 eadem
830 2459 893 2487 eausa
913 2442 1017 2487 adductus

121 2518 179 2548 saera
200 2509 288 2551 eruenta
309 2509 412 2554 Hebraeis
434 2512 583 2569 imperavisset
605 2517 627 2559 et
649 2516 772 2573 aeaepisset
805 2515 866 2569 Quod
887 2516 907 2564 J.
924 2516 1016 2572 Speuoer

121 2576 161 2635 (De
176 2577 241 2636 legib.
251 2581 315 2626 Hebr.
331 2583 420 2631 rituale
437 2589 569 2647 693—702)
586 2588 662 2631 miritis
678 2589 812 2647 argumentis
828 2590 954 2633 confirmare
970 2591 1016 2633 stu-

122 2648 172 2693 tluit.
203 2653 274 2709 Atque
290 2653 342 2698 dioit
362 2657 419 2713 apud
434 2658 555 2715 Aegyptios
576 2674 612 2703 eos
633 2661 759 2715 sacerdotes,
781 2663 819 2719 qui
839 2663 935 2706 sanetius
951 2677 1017 2720 quam

121 2721 196 2781 reliqui
211 2725 274 2769 rebus
291 2727 370 2771 divinis
386 2744 430 2773 sese
451 2745 576 2776 consecrare
596 2734 721 2788 voluisseut,
743 2735 841 2778 similiter
861 2750 886 2779 ae
907 2736 1016 2780 aaairaeos

121 2795 177 2850 apud
192 2796 300 2843 Hebraeos
317 2817 329 2844 a
344 2801 419 2845 multis
435 2803 499 2848 rebus
516 2806 656 2859 abstinuisse3
673 2807 779 2865 imprimis
795 2811 867 2851 autem
883 2823 929 2851 nou
945 2808 1016 2852 solum

121 2869 280 2927 Aegyptiorum,
296 2873 414 2917 sedetiam
430 2875 521 2920 aliarum
537 2880 637 2939 gentium
654 2881 792 2938 antiquarum
807 2896 889 2924 morem
905 2881 970 2925 fuisse
981 2882 1016 2925 dei

121 2939 209 2985 alieuius
228 2943 317 2989 honoris
333 2951 397 2990 eausa
413 2963 497 2993 comam
513 2952 641 3008 promittere
656 2954 825 3011 promissamque
839 2954 897 2997 brevi
913 2955 1017 3012 temporis

121 3014 189 3067 spatio
209 3015 321 3063 interiecto
341 3021 431 3065 tondere
452 3025 517 3080 atque
538 3027 650 3083 tamquam
670 3027 819 3070 testimonium
835 3028 902 3071 animi
921 3029 979 3087 grati
995 3031 1017 3073 et

121 3083 190 3130 devoti
206 3091 291 3135 nuruiui
308 3092 381 3138 <livino
398 3109 526 3144 consecrare.
560 3099 625 3143 Cuius
642 3099 671 3143 rei
688 3100 758 3144 multa
773 3101 871 3157 exempla
886 3102 966 3150 attulit.
