2147 3361
421 62 522 110 Sepultura
799 78 801 83 ’
874 61 919 105 687

28 196 145 244 excavatas,
165 191 290 247 plerumque
310 185 362 229 satis
378 184 466 241 amplas,
487 187 511 228 ut
527 186 596 228 totam
607 183 717 227 familiam
739 181 851 226 continere
867 194 919 235 pos-

26 273 81 322 sent,
97 264 200 325 quasdam
216 265 261 306 tam
272 258 382 316 spatiosas,
398 262 423 301 ut
439 258 544 302 columnis
560 257 720 301 suffulcirentur
736 255 770 316 (cf.
783 254 816 299 Gn
829 259 865 306 23,
879 258 917 305 193

27 347 62 395 25,
78 345 103 391 93
125 341 159 389 35,
176 341 196 383 8.
213 339 246 382 te.
274 332 315 376 Jde
331 337 351 382 2,
367 336 392 382 o;
415 335 436 383 8,
453 336 487 378 32.
509 332 546 376 des
562 327 598 384 22,
616 335 649 378 ld.
677 330 698 374 ΙΙ
716 328 758 373 Chr
775 333 809 381 16,
828 332 863 375 14.
886 326 919 368 llt

27 413 63 468 '27'
80 417 118 464 503
135 414 170 461 28,
187 413 207 456 2,
229 406 257 450 ll.
273 405 334 448 Baba
350 403 428 447 hathra
444 409 464 457 6,
481 406 508 464 8),
821 436 822 440 ,

88 521 217 576 Aegyptii
233 518 337 559 divitiores
353 517 375 558 in
390 517 488 557 mastabis
503 518 516 558 i.
528 531 543 557 e.
555 517 650 557 aedificiis
666 517 778 556 humilibus
795 516 817 555 in
835 514 920 567 planitie

27 587 128 642 Aegyptia
144 580 253 624 exstructis
276 582 297 618 et
317 578 341 619 in
357 578 464 630 speluncis
488 592 538 629 quae
560 579 582 617 in
602 578 651 618 locis
674 577 796 629 proclivibus
818 576 920 617 montium

29 651 111 692 effossae
127 646 189 691 erant,
206 653 264 693 reges
280 640 302 679 in
317 639 459 691 pyramidibus
475 639 618 680 condebantur.
644 638 791 689 Pauperiorum
807 636 919 689 Aegyptio-

28 725 74 753 rum
85 718 166 759 corpora
181 702 223 743 sine
240 700 301 740 dubio
317 700 395 740 ratione
407 699 553 751 simplicissima
569 700 591 739 in
601 712 661 739 arena
677 699 750 739 deserti
761 697 929 750 sepetiebanturp

29 774 58 812 ita
73 772 140 809 tamen
155 765 180 804 ut
195 762 275 815 singula
291 761 383 812 sepulcra
399 760 496 801 lateribus
514 761 687 800 circumdarentur
702 761 724 800 et
740 760 872 811 operirentur.

89 836 236 880 Effossionibus
251 836 322 876 nostra
338 835 403 873 aetate
419 834 441 873 in
456 833 612 873 Palaestina
632 833 690 873 factis
707 834 804 873 nonnulla
825 832 850 872 de
866 832 920 871 anti-

28 902 124 956 quissima
140 897 245 948 sepultura
260 896 400 936 innotuerunt.
427 894 488 935 Velut
507 895 529 933 in
545 894 588 934 Tell
604 893 739 933 el-Dschecer
755 889 834 949 (Gezer)
855 894 920 945 hypo-

31 976 91 1016 geum
107 973 130 1000 ex
146 971 197 1009 rupe
213 951 330 997 encaratum
345 955 452 995 inventum
468 957 504 1004 est,
521 955 575 1006 quod
592 955 667 994 cineres
683 956 704 994 et
713 954 827 1006 fragmenta
843 954 921 993 ossium

31 1026 165 1064 humanorum
181 1018 282 1064 eontinet;
302 1016 386 1068 insuper
408 1017 476 1056 variae
497 1017 563 1055 strues
579 1015 668 1055 cinerum
690 1017 711 1055 et
728 1015 805 1055 ossium
821 1014 922 1066 distingui

29 1084 123 1137 poterant
139 1081 159 1119 et
175 1080 227 1119 clara
242 1077 327 1129 vestigia
342 1078 471 1129 apparebant,
488 1076 563 1128 quibus
578 1076 608 1116 ibi
624 1076 750 1128 aliquantum
762 1077 860 1128 temporis
877 1088 921 1115 cor-

29 1157 79 1197 pora
94 1140 219 1182 concremata
234 1151 276 1178 esse
288 1139 448 1186 demonstratum
465 1138 518 1177 inter
529 1136 604 1177 cineres
621 1140 641 1177 et
657 1138 769 1188 fragmenta
780 1137 858 1176 ossium
873 1137 920 1188 plus

29 1204 122 1245 minusve
138 1201 288 1241 combustorum
304 1212 352 1238 vasa
367 1199 452 1250 figulina
468 1198 518 1239 varii
533 1198 613 1249 generis
628 1199 711 1238 inventa
722 1200 776 1237 sunt,
800 1198 829 1237 Ex
846 1198 922 1248 quibus

31 1265 91 1304 rebus
113 1262 181 1312 aliqua
196 1262 254 1312 parte
270 1260 415 1312 cognoscimus
436 1259 550 1310 quomodo
572 1259 623 1298 circa
640 1265 789 1301 loeo-2500
812 1273 829 1301 a.
846 1259 878 1298 Ch.
900 1258 922 1298 in

30 1325 127 1365 Dschezer
146 1323 217 1362 funera
232 1321 285 1360 facta
301 1321 348 1363 sint.
375 1320 413 1359 Sed
428 1319 449 1359 iu
466 1320 535 1360 eodem
550 1321 642 1372 hypogeo
659 1333 741 1371 corpora
762 1320 865 1360 cineribus
880 1320 923 1359 illis

30 1384 156 1435 superposita
172 1382 310 1428 inveniuntur,
327 1394 378 1432 quae
394 1381 435 1421 iam
451 1394 491 1421 non
507 1382 637 1428 concremata,
655 1380 689 1420 sed
702 1381 781 1431 sepulta
792 1383 848 1421 sunt.
865 1380 923 1421 Unde

31 1444 154 1496 immigratio
175 1443 272 1493 quaedam
293 1442 378 1481 aliarum
400 1443 490 1494 gentium
511 1439 572 1498 (eirca
588 1447 645 1484 2500
667 1456 683 1483 a.
700 1439 741 1495 Gt.)
763 1443 806 1482 sive
827 1442 922 1493 periodus

30 1507 146 1546 Ganaanaea
162 1504 283 1556 agnoscitur
309 1503 342 1543 illi
358 1503 433 1543 incolae
450 1515 533 1553 corpora
548 1503 576 1542 ita
593 1503 728 1554 apponebant,
748 1505 773 1542 ut
789 1516 812 1541 eu
827 1503 849 1543 iu
866 1504 922 1543 latus

31 1567 135 1606 sinistrum
150 1565 271 1604 reclinarent
291 1566 312 1603 et
332 1576 398 1615 genua
417 1577 483 1614 usque
503 1563 527 1603 ad
544 1566 637 1603 mentum
656 1564 698 1603 tere
720 1564 858 1611 attraherent3
883 1564 923 1603 alia

32 1630 99 1667 autem
115 1638 197 1677 corpora
212 1626 234 1665 in
249 1628 306 1676 tergo
323 1626 389 1676 posita
405 1626 521 1671 cernuntur,
539 1626 625 1670 extenta,
643 1625 686 1664 sine
703 1624 737 1664 illa
753 1636 845 1676 genuum
861 1625 922 1675 repli-

31 1688 115 1727 catione.
138 1687 180 1733 (iua
190 1685 320 1725 collocatione
336 1685 428 1736 sepulcra
438 1685 536 1725 nobilium
552 1685 636 1724 indicari
648 1685 749 1735 videntur,
767 1686 843 1736 quibus
861 1687 922 1725 etiam

33 1748 122 1797 supellex
132 1747 213 1787 uberior
229 1747 322 1798 apposita
337 1747 373 1785 est.
394 1746 445 1785 Nam
457 1746 542 1786 mortuis
558 1760 600 1786 non
616 1747 682 1787 solum
694 1759 749 1786 arma
765 1747 857 1798 apposita
868 1753 922 1796 sunt,

33 1808 68 1847 sed
84 1809 145 1847 etiam
160 1809 290 1855 nutrimenta,
307 1819 375 1846 carnes
391 1810 463 1854 coctae,
480 1807 546 1854 cultri,
563 1808 638 1858 quibus
656 1820 724 1846 carnes
741 1809 838 1857 secarent,
855 1810 923 1860 magni

32 1868 88 1908 urcei
104 1870 125 1908 et
140 1868 217 1919 phialae
229 1869 323 1916 minores,
340 1868 414 1918 quibus
430 1868 533 1918 potionem
544 1868 654 1915 haurirent,
671 1869 781 1918 lampades,
799 1869 855 1909 varia
866 1883 924 1909 orna-

33 1931 104 1969 menta.
131 1929 237 1982 Praeterea
251 1930 273 1969 in
289 1929 386 1969 Dsohezer
402 1942 497 1981 magnum
513 1929 626 1980 hypogeum
644 1942 697 1968 more
714 1929 814 1982 Aegyptio
830 1930 923 1969 aedifica-

33 1992 77 2028 tum
98 1991 158 2039 atque
178 1992 278 2030 ornatum
291 1990 398 2030 inventurn
419 1993 460 2037 est;
484 2002 545 2039 quare
561 1990 590 2029 ibi
605 1992 683 2030 saeculo
705 2004 721 2031 a.
738 1991 770 2031 Oh.
787 2004 807 2031 n.
827 1992 923 2031 vicesimo

35 2051 106 2100 quinto
122 2050 199 2090 colonia
215 2050 313 2101 quaedam
324 2050 425 2102 Aegyptia
440 2050 503 2089 fuisse
519 2050 614 2090 creditur.
636 2051 731 2102 Sepulcra
745 2052 846 2103 Aegyptia
862 2053 924 2091 etiam

33 2111 56 2149 in
71 2110 113 2150 Tell
128 2107 228 2150 Ta‘anneh
244 2111 315 2151 effossa
331 2116 385 2152 sunt.
413 2112 436 2150 In
451 2110 492 2151 Tell
508 2112 596 2162 el·Hast
613 2110 699 2166 (brachis)
717 2125 797 2163 quoquo
814 2115 835 2152 et
851 2113 872 2152 in
884 2113 924 2152 eal·

35 2171 88 2210 libus
103 2168 197 2223 Sephelae
211 2172 302 2223 hypogea
318 2184 363 2212 curn
379 2171 450 2219 urceis,
466 2171 600 2223 lampadibus
618 2173 670 2214 vasis
686 2186 710 2213 ex
721 2173 826 2221 alabastro,
843 2174 925 2213 laminis

34 2244 57 2270 er
74 2231 131 2271 silice
146 2233 179 2271 vel
195 2245 245 2280 aere,
262 2232 307 2272 aliis
323 2233 365 2272 eius
381 2233 435 2272 modi
452 2234 513 2272 rebus
529 2232 612 2272 inventu
624 2238 677 2275 sunt,
699 2234 765 2273 Etiam
781 2234 924 2274 effossionibus

35 2292 56 2329 in
71 2292 113 2332 'leil
129 2293 280 2333 el-ldutesellim
295 2291 405 2347 (illegiddo)
427 2293 485 2332 factis
502 2294 617 2334 ostenditur
633 2296 723 2344 antiquis
739 2295 865 2346 temporibus
883 2297 924 2346 ple-

34 2365 120 2403 rumque
135 2365 184 2394 vasa
199 2354 268 2394 fictilia
283 2354 369 2393 mortuis
386 2355 408 2393 in
424 2355 539 2405 sepulerum
556 2355 624 2394 additu
640 2369 689 2403 esse,
710 2356 819 2406 lampades,
840 2358 925 2407 pateras

35 2413 119 2461 catillus,
140 2427 208 2462 urnas,
230 2415 342 2465 amphoras,
364 2428 415 2465 quae
430 2415 484 2454 haud
504 2428 548 2454 raro
570 2428 615 2455 ossa
631 2417 749 2456 animalium
769 2417 859 2467 aliasque
876 2418 925 2456 reli-

36 2474 94 2522 quias
110 2475 201 2515 ciborum
217 2476 303 2515 mortuis
320 2476 465 2515 destinatorum
482 2477 592 2518 continent.

97 2591 257 2649 Sepulcrum
273 2592 330 2652 (tta.)
348 2592 404 2649 apud
420 2593 527 2637 Hebraeos
543 2598 578 2636 tlh
594 2596 668 2638 coritas
684 2594 729 2653 (Jes
746 2599 780 2646 14,
800 2599 832 2642 18.
850 2595 875 2638 cf.
890 2600 926 2647 22,

38 2668 65 2710 16
82 2664 146 2725 letti),
162 2666 246 2722 plenius
263 2657 309 2715 utu
325 2670 360 2707 stt
377 2668 452 2709 ctericus
468 2672 555 2710 celerato
571 2666 630 2727 (Koh
644 2672 677 2719 12,
688 2671 707 2714 5.
725 2667 750 2710 ef,
767 2676 827 2715 rocoa
844 2669 926 2716 αἰώνιον

38 2736 83 2780 Tob
99 2742 118 2791 3,
136 2741 157 2797 6)
173 2739 296 2786 rocnbatur.
322 2738 424 2783 Similiter
441 2740 497 2795 apud
512 2741 601 2784 Latinos
616 2741 743 2784 vocabulum
760 2741 835 2784 (locaris
851 2741 877 2784 de
893 2756 926 2784 se-

37 2810 111 2865 pulcro
127 2800 275 2869 usurpabatur,
291 2811 349 2856 velut
365 2812 423 2867 apud
438 2812 548 2856 Tibullum
565 2813 631 2872 (trag.
643 2818 663 2863 3,
680 2817 699 2865 2,
716 2818 744 2861 22
763 2814 852 2865 ,domus
868 2830 927 2858 natir-

36 2886 132 2945 morea“)
154 2887 175 2927 et
196 2885 255 2929 haud
276 2900 324 2929 raro
347 2885 370 2928 iu
393 2885 570 2942 inscriptionibus
592 2887 691 2945 (,dornus
713 2890 828 2948 aeternae).
857 2890 928 2947 Atque

38 2954 144 3001 Diodorus
160 2957 242 3002 Siculus
258 2959 321 3019 (Bibl.
333 2958 383 3006 hist.
401 2964 420 3011 1,
436 2962 473 3019 51)
489 2960 603 3003 memoriae
618 2960 691 3016 prodit
707 2961 825 3019 Aegyptios
842 2977 928 3020 quoque

38 3027 186 3084 elefantorum
206 3033 305 3090 seperiora
326 3034 397 3076 cloruos
419 3038 515 3077 cateruas
536 3033 648 3089 appellare,
671 3035 728 3093 quod
749 3035 846 3080 defuncti
867 3040 928 3094 capaci

37 3102 115 3160 inferos
134 3106 189 3150 illud
211 3121 291 3163 acuam,
312 3108 367 3164 praed
387 3107 494 3164 territatum
514 3112 549 3164 cst,
566 3112 677 3166 peroptant.
705 3107 771 3151 lirant
792 3112 864 3153 autem
886 3112 929 3154 He-
