2107 3321
262 918 264 922 Α
328 831 330 836 ’
367 847 627 938 'Prolegomena

120 1123 211 1163 Primum
227 1121 365 1169 describimus
385 1120 434 1172 quid
454 1120 481 1159 sit
500 1119 636 1172 archaeologia
653 1118 728 1159 biblica
744 1119 765 1158 et
781 1118 817 1170 qui
833 1117 853 1157 ei
868 1130 950 1170 operam

60 1183 162 1232 dederint3
179 1183 251 1223 deinde
267 1181 406 1230 indicabimus,
424 1181 496 1232 quanti
513 1181 540 1221 sit
555 1180 653 1221 momenti
668 1180 694 1219 ad
710 1191 779 1220 sacras·
792 1179 871 1220 litteras
886 1180 951 1220 inter-

11 1295 14 1300 .
60 1245 177 1297 pretendas3
198 1245 243 1283 tum
262 1242 394 1290 nominamus,
415 1254 439 1281 ex
455 1241 529 1293 quibus
549 1241 640 1281 fontibus
660 1241 809 1293 antiquitatum
829 1240 951 1281 biblicarum

61 1306 148 1358 cognitio
167 1304 277 1344 haurienda
296 1303 327 1352 sit,
347 1304 370 1343 in
385 1315 425 1354 qua
443 1315 466 1342 re
481 1303 505 1342 cle
524 1301 693 1354 inscriptionibus
710 1303 730 1342 et
749 1302 795 1343 aliis
811 1301 951 1342 monumentis

60 1366 171 1407 recentiore
191 1366 257 1405 aetate
276 1365 298 1404 in
318 1363 379 1405 terris
401 1363 483 1404 orientis
506 1363 586 1415 antiqui
607 1363 684 1404 effossis
707 1362 792 1403 uberius
813 1362 951 1414 disputamus

60 1428 160 1479 postremo
178 1426 296 1472 evolvimus,
316 1437 356 1476 quo
375 1424 443 1464 ordine
459 1429 542 1476 quaque
559 1424 637 1464 ratione
656 1437 679 1464 ao
696 1424 730 1466 via
749 1423 854 1463 materiam
872 1424 895 1463 in
914 1424 952 1463 hoo

61 1501 120 1539 opere
135 1488 251 1527 tractemus.

121 1613 142 1659 I.
158 1609 363 1667 Archaeologia
379 1609 526 1670 (ἀρχοιολογία
537 1631 566 1647 =
577 1610 686 1653 eiccrrctc'c
704 1610 873 1670 antiquitatum),
889 1609 908 1652 si
924 1609 952 1653 ad

60 1683 171 1728 hominem
186 1683 283 1735 refertur,
304 1685 335 1726 est
350 1683 445 1735 scientia,
466 1683 485 1725 si
500 1682 527 1726 ad
542 1697 593 1735 rem,
615 1685 708 1738 systema
723 1697 795 1726 rerum
813 1682 952 1739 antiquarum

61 1756 154 1799 manime
169 1755 347 1799 memorabilium.
370 1755 481 1799 Biblioa
497 1755 646 1814 arehaeologia
661 1770 725 1799 sensu
741 1755 807 1799 latius
822 1757 910 1812 patente
927 1755 952 1798 [le

61 1829 88 1872 iis
103 1829 166 1872 rebus
182 1828 277 1884 antiquis
293 1827 343 1884 agit,
364 1843 417 1885 quae
432 1832 456 1872 in
471 1828 533 1872 libris
549 1827 628 1872 divinis
643 1828 756 1885 legantium
777 1827 864 1885 propria
880 1830 952 1872 autem

62 1903 83 1945 et
98 1901 212 1958 principali
227 1900 386 1958 significatione
402 1901 447 1944 sola
463 1901 563 1945 instituta
578 1902 623 1945 tam
639 1915 698 1945 sacra
709 1916 775 1958 quam
790 1902 883 1957 profana
894 1901 952 1944 anti·
978 1906 980 1909 '

63 1988 154 2030 cruorum
169 1973 314 2017 Hebraeorum
330 1973 484 2030 complectitur,
502 1974 516 2021 i,
529 1988 545 2017 e.
559 1974 604 2017 eius
620 1973 697 2030 gentis,
714 1989 779 2036 quam
795 1974 847 2017 deus
862 1989 888 2017 ex
905 1989 952 2017 om-

62 2047 126 2090 uibus
142 2046 241 2105 gentibus
257 2047 392 2103 antiquitatis
402 2047 467 2105 elegit
478 2050 499 2091 et
510 2048 542 2091 cui
554 2062 584 2099 ea,
601 2062 654 2104 quae
669 2047 730 2091 libris
742 2047 821 2091 divinis
837 2047 953 2091 memoriae

62 2119 182 2172 traduntur,
207 2119 314 2171 revelavit,
339 2122 364 2162 ut
385 2119 488 2163 nonnulli
512 2135 594 2164 nomen
622 2119 799 2178 ,archaeologiae‘
819 2120 950 2170 Hebraicae“

62 2192 146 2235 nomini
164 2191 336 2250 ,archaeologiae
352 2193 455 2236 biblicael
474 2195 612 2250 anteponant.
641 2193 687 2237 Nos
702 2193 770 2251 igitur
786 2194 810 2236 in
826 2194 873 2236 sola
888 2196 953 2252 gente
985 2244 986 2249 Ἰ

63 2265 166 2309 Hebraioa
181 2280 296 2318 versamur,
313 2268 392 2310 ceteras
407 2269 479 2310 autem
494 2268 574 2324 gentes,
590 2266 717 2324 quibuscum
733 2281 757 2310 ea
773 2266 862 2310 saeculis
878 2280 953 2322 proce-

63 2337 162 2382 dentibus
178 2339 304 2383 commercio
321 2341 342 2383 et
357 2355 397 2383 usu
413 2339 527 2384 coniuncta
542 2342 580 2393 est,
597 2341 684 2383 eatenus
699 2339 830 2396 respicimus,
847 2341 954 2397 quatenus

63 2411 120 2467 irpucl
135 2415 222 2468 gentem
237 2412 364 2457 Hebraicam
379 2413 460 2471 aliquid
475 2414 593 2458 valuerunt¹

123 2501 197 2540 Primis
217 2501 343 2552 temporibus
365 2502 502 2554 archaeologia
523 2516 565 2542 non
586 2503 652 2543 solum
672 2502 812 2551 instituta,
835 2501 871 2542 sed
891 2501 953 2541 etiam

63 2559 141 2620 faeta
156 2561 199 2601 sive
217 2561 323 2602 historiam
342 2563 421 2615 aliaque
437 2565 549 2603 memoratu
565 2563 627 2616 digna
643 2563 809 2616 amplectebatur.
841 2562 902 2603 Velut
917 2562 953 2602 Jo-

64 2622 137 2672 sephus
153 2622 235 2663 Flavius
255 2624 404 2664 commentariis
425 2624 468 2664 suis
484 2625 509 2664 de
527 2624 588 2664 rebus
604 2624 668 2677 gestis
684 2625 705 2664 et
720 2619 897 2665 vicissitudinibus
914 2623 954 2664 for-

25 2723 26 2726 ,
63 2682 126 2722 tunae
136 2684 207 2734 populi
217 2683 297 2731 Judaioi
307 2685 394 2725 indicem
410 2678 559 2743 ἀρχαιολογίαζ
570 2682 686 2744 Ἰουδαϊκῆς
702 2677 756 2738 iecit,
774 2698 797 2725 ex
808 2684 954 2724 nonnullorum

65 2743 157 2794 opinione
173 2744 293 2797 Dionysium
309 2746 484 2786 Halicarnasseum
500 2746 597 2795 imitatus,
618 2746 654 2797 qui
670 2746 776 2787 historiam
792 2746 902 2785 Romanam
918 2757 954 2785 no-

64 2803 118 2843 mine
134 2801 254 2865 Ῥωμαϊκῆς
269 2804 418 2864 ἀρχαιολογίας
435 2807 554 2858 composuit.
575 2808 646 2848 Aetate
660 2809 728 2847 autem
738 2806 850 2847 recentiore
861 2806 955 2846 arehaeo-

64 2864 117 2916 logia
133 2865 208 2906 biblica
224 2866 249 2906 ad
264 2867 396 2907 instituta
413 2869 468 2908 sola
483 2868 578 2920 pertinet.

125 2989 160 3035 ΙΙ.
177 2988 280 3048 Theologi
293 2991 408 3035 Christiani
423 2995 483 3036 sexto
495 2992 576 3036 decimo
588 2992 673 3036 demum
686 2990 776 3043 saeculo,
793 3004 843 3034 oum
859 2991 955 3035 studium

65 3059 185 3105 litterarum
204 3077 312 3107 sacrarum
331 3069 399 3123 magis
416 3065 530 3118 colebatur,
552 3065 575 3109 in
592 3065 757 3122 antiquitatibus
773 3064 860 3109 biblicis
876 3064 955 3109 versari

126 3140 278 3182 Kortlcitner,
291 3142 406 3181 Archocolo'gia
419 3143 480 3175 biblica
896 3140 906 3176 1
