<?xml version="1.0" encoding="UTF-8"?>
<!DOCTYPE html PUBLIC "-//W3C//DTD XHTML 1.0 Transitional//EN"
    "http://www.w3.org/TR/xhtml1/DTD/xhtml1-transitional.dtd">
<html xmlns="http://www.w3.org/1999/xhtml" xml:lang="en" lang="en">
 <head>
  <title>
</title>
<meta http-equiv="Content-Type" content="text/html;charset=utf-8" />
  <meta name='ocr-system' content='tesseract 3.04.00' />
  <meta name='ocr-capabilities' content='ocr_page ocr_carea ocr_par ocr_line ocrx_word'/>
</head>
<body>
  <div class='ocr_page' id='page_1' title='image "./MN42078ucmf_3_0071.png"; bbox 0 0 2107 3321; ppageno 0'>
   <div class='ocr_carea' id='block_1_1' title="bbox 328 93 971 143">
    <p class='ocr_par' dir='ltr' id='par_1_1' title="bbox 328 93 971 143">
     <span class='ocr_line' id='line_1_1' title="bbox 328 93 971 143; baseline -0.009 -9"><span class='ocrx_word' id='word_1_1' title='bbox 328 97 397 134; x_wconf 78' lang='lat' dir='ltr'>Forma</span> <span class='ocrx_word' id='word_1_2' title='bbox 410 97 469 143; x_wconf 86' lang='lat' dir='ltr'>atque</span> <span class='ocrx_word' id='word_1_3' title='bbox 480 95 554 132; x_wconf 80' lang='lat' dir='ltr'>indoles</span> <span class='ocrx_word' id='word_1_4' title='bbox 567 95 632 132; x_wconf 87' lang='lat' dir='ltr'>cultus</span> <span class='ocrx_word' id='word_1_5' title='bbox 646 93 724 131; x_wconf 84' lang='lat' dir='ltr'>illosaici</span> <span class='ocrx_word' id='word_1_6' title='bbox 879 117 880 120; x_wconf 57' lang='lat'><em>=</em></span> <span class='ocrx_word' id='word_1_7' title='bbox 943 96 971 141; x_wconf 77' lang='lat'>37</span> 
     </span>
    </p>
   </div>
   <div class='ocr_carea' id='block_1_2' title="bbox 77 215 1001 3202">
    <p class='ocr_par' dir='ltr' id='par_1_2' title="bbox 77 215 1001 2759">
     <span class='ocr_line' id='line_1_2' title="bbox 81 215 972 276; baseline -0.011 -7"><span class='ocrx_word' id='word_1_8' title='bbox 81 228 104 270; x_wconf 91' lang='lat' dir='ltr'>et</span> <span class='ocrx_word' id='word_1_9' title='bbox 119 223 212 267; x_wconf 88' lang='lat' dir='ltr'>actiones</span> <span class='ocrx_word' id='word_1_10' title='bbox 232 219 359 265; x_wconf 79' lang='lat' dir='ltr'>necessariae</span> <span class='ocrx_word' id='word_1_11' title='bbox 379 217 460 262; x_wconf 75' lang='lat' dir='ltr'>formae</span> <span class='ocrx_word' id='word_1_12' title='bbox 480 218 650 276; x_wconf 89' lang='lat' dir='ltr'>uniuscuiusque</span> <span class='ocrx_word' id='word_1_13' title='bbox 671 218 740 262; x_wconf 87' lang='lat' dir='ltr'>cultus</span> <span class='ocrx_word' id='word_1_14' title='bbox 762 219 819 270; x_wconf 89' lang='lat' dir='ltr'>sunt,</span> <span class='ocrx_word' id='word_1_15' title='bbox 840 231 876 260; x_wconf 90' lang='lat' dir='ltr'>eae</span> <span class='ocrx_word' id='word_1_16' title='bbox 891 215 972 260; x_wconf 81' lang='lat' dir='ltr'>formae</span> 
     </span>
     <span class='ocr_line' id='line_1_3' title="bbox 80 289 971 349; baseline -0.008 -8"><span class='ocrx_word' id='word_1_17' title='bbox 80 301 104 342; x_wconf 92' lang='lat' dir='ltr'>et</span> <span class='ocrx_word' id='word_1_18' title='bbox 118 295 213 340; x_wconf 88' lang='lat' dir='ltr'>hominis</span> <span class='ocrx_word' id='word_1_19' title='bbox 229 309 278 337; x_wconf 90' lang='lat' dir='ltr'>curn</span> <span class='ocrx_word' id='word_1_20' title='bbox 294 293 333 336; x_wconf 90' lang='lat' dir='ltr'>deo</span> <span class='ocrx_word' id='word_1_21' title='bbox 348 292 442 337; x_wconf 89' lang='lat' dir='ltr'>rationes</span> <span class='ocrx_word' id='word_1_22' title='bbox 459 291 582 348; x_wconf 72' lang='lat' dir='ltr'>exprimant</span> <span class='ocrx_word' id='word_1_23' title='bbox 599 295 620 336; x_wconf 92' lang='lat' dir='ltr'>et</span> <span class='ocrx_word' id='word_1_24' title='bbox 634 291 747 348; x_wconf 71' lang='lat' dir='ltr'>religionis</span> <span class='ocrx_word' id='word_1_25' title='bbox 769 290 870 335; x_wconf 92' lang='lat' dir='ltr'>notiones</span> <span class='ocrx_word' id='word_1_26' title='bbox 887 289 971 349; x_wconf 86' lang='lat' dir='ltr'>signifi-</span> 
     </span>
     <span class='ocr_line' id='line_1_4' title="bbox 80 362 972 426; baseline -0.009 -12"><span class='ocrx_word' id='word_1_27' title='bbox 80 372 131 414; x_wconf 89' lang='lat' dir='ltr'>cent</span> <span class='ocrx_word' id='word_1_28' title='bbox 146 369 159 413; x_wconf 87' lang='lat' dir='ltr'>i.</span> <span class='ocrx_word' id='word_1_29' title='bbox 170 384 187 415; x_wconf 82' lang='lat' dir='ltr'>e.</span> <span class='ocrx_word' id='word_1_30' title='bbox 198 367 286 426; x_wconf 65' lang='lat' dir='ltr'>symboli</span> <span class='ocrx_word' id='word_1_31' title='bbox 295 367 337 409; x_wconf 77' lang='lat' dir='ltr'>cira</span> <span class='ocrx_word' id='word_1_32' title='bbox 352 364 447 408; x_wconf 87' lang='lat' dir='ltr'>habeant</span> <span class='ocrx_word' id='word_1_33' title='bbox 459 378 543 407; x_wconf 83' lang='lat' dir='ltr'>necesse</span> <span class='ocrx_word' id='word_1_34' title='bbox 560 366 597 409; x_wconf 90' lang='lat' dir='ltr'>est.</span> <span class='ocrx_word' id='word_1_35' title='bbox 626 362 687 416; x_wconf 76' lang='lat' dir='ltr'>Quod</span> <span class='ocrx_word' id='word_1_36' title='bbox 702 379 749 407; x_wconf 91' lang='lat' dir='ltr'>non</span> <span class='ocrx_word' id='word_1_37' title='bbox 765 363 835 406; x_wconf 86' lang='lat' dir='ltr'>solum</span> <span class='ocrx_word' id='word_1_38' title='bbox 851 362 875 406; x_wconf 91' lang='lat' dir='ltr'>in</span> <span class='ocrx_word' id='word_1_39' title='bbox 891 362 972 406; x_wconf 89' lang='lat' dir='ltr'>cultum</span> 
     </span>
     <span class='ocr_line' id='line_1_5' title="bbox 83 437 972 497; baseline -0.003 -12"><span class='ocrx_word' id='word_1_40' title='bbox 83 442 206 497; x_wconf 73' lang='lat' dir='ltr'>mosaicum,</span> <span class='ocrx_word' id='word_1_41' title='bbox 222 440 258 484; x_wconf 89' lang='lat' dir='ltr'>sed</span> <span class='ocrx_word' id='word_1_42' title='bbox 274 439 338 484; x_wconf 87' lang='lat' dir='ltr'>etiam</span> <span class='ocrx_word' id='word_1_43' title='bbox 353 440 376 483; x_wconf 88' lang='lat' dir='ltr'>in</span> <span class='ocrx_word' id='word_1_44' title='bbox 393 438 464 482; x_wconf 86' lang='lat' dir='ltr'>cultus</span> <span class='ocrx_word' id='word_1_45' title='bbox 481 439 600 481; x_wconf 87' lang='lat' dir='ltr'>ceterarum</span> <span class='ocrx_word' id='word_1_46' title='bbox 616 437 747 496; x_wconf 88' lang='lat' dir='ltr'>religionum</span> <span class='ocrx_word' id='word_1_47' title='bbox 762 437 898 495; x_wconf 69' lang='lat' dir='ltr'>antiquitatis</span> <span class='ocrx_word' id='word_1_48' title='bbox 909 437 972 482; x_wconf 90' lang='lat' dir='ltr'>cadit.</span> 
     </span>
     <span class='ocr_line' id='line_1_6' title="bbox 82 510 972 568; baseline -0.004 -10"><span class='ocrx_word' id='word_1_49' title='bbox 82 515 194 558; x_wconf 86' lang='lat' dir='ltr'>Praeterea</span> <span class='ocrx_word' id='word_1_50' title='bbox 209 513 363 557; x_wconf 79' lang='lat' dir='ltr'>animadvertas</span> <span class='ocrx_word' id='word_1_51' title='bbox 378 513 403 556; x_wconf 89' lang='lat' dir='ltr'>ut</span> <span class='ocrx_word' id='word_1_52' title='bbox 419 511 520 568; x_wconf 89' lang='lat' dir='ltr'>cuiusque</span> <span class='ocrx_word' id='word_1_53' title='bbox 535 510 609 568; x_wconf 86' lang='lat' dir='ltr'>gentis</span> <span class='ocrx_word' id='word_1_54' title='bbox 624 510 738 568; x_wconf 80' lang='lat' dir='ltr'>ingenium</span> <span class='ocrx_word' id='word_1_55' title='bbox 758 511 868 555; x_wconf 88' lang='lat' dir='ltr'>excultum</span> <span class='ocrx_word' id='word_1_56' title='bbox 887 510 921 564; x_wconf 89' lang='lat' dir='ltr'>sit,</span> <span class='ocrx_word' id='word_1_57' title='bbox 941 510 972 554; x_wconf 89' lang='lat' dir='ltr'>ita</span> 
     </span>
     <span class='ocr_line' id='line_1_7' title="bbox 80 582 971 641; baseline -0.004 -10"><span class='ocrx_word' id='word_1_58' title='bbox 80 587 164 631; x_wconf 88' lang='lat' dir='ltr'>cultum</span> <span class='ocrx_word' id='word_1_59' title='bbox 184 586 281 631; x_wconf 89' lang='lat' dir='ltr'>divinum</span> <span class='ocrx_word' id='word_1_60' title='bbox 301 601 322 629; x_wconf 91' lang='lat' dir='ltr'>se</span> <span class='ocrx_word' id='word_1_61' title='bbox 343 585 421 629; x_wconf 89' lang='lat' dir='ltr'>habere</span> <span class='ocrx_word' id='word_1_62' title='bbox 443 599 528 628; x_wconf 88' lang='lat' dir='ltr'>necesse</span> <span class='ocrx_word' id='word_1_63' title='bbox 551 598 600 627; x_wconf 87' lang='lat' dir='ltr'>esse.</span> <span class='ocrx_word' id='word_1_64' title='bbox 639 582 708 636; x_wconf 77' lang='lat' dir='ltr'>Quare</span> <span class='ocrx_word' id='word_1_65' title='bbox 730 586 816 641; x_wconf 84' lang='lat' dir='ltr'>gentem</span> <span class='ocrx_word' id='word_1_66' title='bbox 839 584 971 637; x_wconf 88' lang='lat' dir='ltr'>Hebraicam,</span> 
     </span>
     <span class='ocr_line' id='line_1_8' title="bbox 80 656 971 716; baseline -0.002 -13"><span class='ocrx_word' id='word_1_67' title='bbox 80 676 131 704; x_wconf 88' lang='lat' dir='ltr'>curn</span> <span class='ocrx_word' id='word_1_68' title='bbox 151 661 218 703; x_wconf 89' lang='lat' dir='ltr'>aetate</span> <span class='ocrx_word' id='word_1_69' title='bbox 234 659 299 703; x_wconf 78' lang='lat' dir='ltr'>illesis</span> <span class='ocrx_word' id='word_1_70' title='bbox 319 657 431 716; x_wconf 85' lang='lat' dir='ltr'>ingenium</span> <span class='ocrx_word' id='word_1_71' title='bbox 447 671 560 714; x_wconf 86' lang='lat' dir='ltr'>moresque</span> <span class='ocrx_word' id='word_1_72' title='bbox 577 656 673 700; x_wconf 82' lang='lat' dir='ltr'>excolere</span> <span class='ocrx_word' id='word_1_73' title='bbox 688 658 776 700; x_wconf 89' lang='lat' dir='ltr'>tantum</span> <span class='ocrx_word' id='word_1_74' title='bbox 792 657 899 714; x_wconf 89' lang='lat' dir='ltr'>coepisset,</span> <span class='ocrx_word' id='word_1_75' title='bbox 922 658 971 701; x_wconf 91' lang='lat' dir='ltr'>reli-</span> 
     </span>
     <span class='ocr_line' id='line_1_9' title="bbox 79 729 971 791; baseline -0.002 -14"><span class='ocrx_word' id='word_1_76' title='bbox 79 732 153 791; x_wconf 88' lang='lat' dir='ltr'>gionis</span> <span class='ocrx_word' id='word_1_77' title='bbox 175 747 224 776; x_wconf 90' lang='lat' dir='ltr'>suae</span> <span class='ocrx_word' id='word_1_78' title='bbox 245 731 343 776; x_wconf 89' lang='lat' dir='ltr'>notiones</span> <span class='ocrx_word' id='word_1_79' title='bbox 364 730 447 783; x_wconf 74' lang='lat' dir='ltr'>termis,</span> <span class='ocrx_word' id='word_1_80' title='bbox 474 744 528 788; x_wconf 88' lang='lat' dir='ltr'>quae</span> <span class='ocrx_word' id='word_1_81' title='bbox 552 729 650 773; x_wconf 82' lang='lat' dir='ltr'>sensibus</span> <span class='ocrx_word' id='word_1_82' title='bbox 672 729 828 786; x_wconf 72' lang='lat' dir='ltr'>percipiantur,</span> <span class='ocrx_word' id='word_1_83' title='bbox 855 730 971 788; x_wconf 85' lang='lat' dir='ltr'>exprimere</span> 
     </span>
     <span class='ocr_line' id='line_1_10' title="bbox 81 802 972 860; baseline -0.002 -10"><span class='ocrx_word' id='word_1_84' title='bbox 81 821 166 850; x_wconf 88' lang='lat' dir='ltr'>necesse</span> <span class='ocrx_word' id='word_1_85' title='bbox 181 806 230 852; x_wconf 77' lang='lat' dir='ltr'>erat,</span> <span class='ocrx_word' id='word_1_86' title='bbox 261 804 320 847; x_wconf 89' lang='lat' dir='ltr'>Idem</span> <span class='ocrx_word' id='word_1_87' title='bbox 340 803 396 860; x_wconf 89' lang='lat' dir='ltr'>apud</span> <span class='ocrx_word' id='word_1_88' title='bbox 417 817 492 846; x_wconf 91' lang='lat' dir='ltr'>omnes</span> <span class='ocrx_word' id='word_1_89' title='bbox 513 804 590 859; x_wconf 83' lang='lat' dir='ltr'>gentes</span> <span class='ocrx_word' id='word_1_90' title='bbox 606 802 696 846; x_wconf 89' lang='lat' dir='ltr'>orientis</span> <span class='ocrx_word' id='word_1_91' title='bbox 712 802 800 859; x_wconf 88' lang='lat' dir='ltr'>antiqui,</span> <span class='ocrx_word' id='word_1_92' title='bbox 822 818 876 860; x_wconf 89' lang='lat' dir='ltr'>quae</span> <span class='ocrx_word' id='word_1_93' title='bbox 891 805 972 859; x_wconf 88' lang='lat' dir='ltr'>primos</span> 
     </span>
     <span class='ocr_line' id='line_1_11' title="bbox 82 874 972 938; baseline -0.003 -16"><span class='ocrx_word' id='word_1_94' title='bbox 82 879 168 922; x_wconf 89' lang='lat' dir='ltr'>demum</span> <span class='ocrx_word' id='word_1_95' title='bbox 188 877 267 938; x_wconf 83' lang='lat' dir='ltr'>gradus</span> <span class='ocrx_word' id='word_1_96' title='bbox 288 877 356 921; x_wconf 90' lang='lat' dir='ltr'>cultus</span> <span class='ocrx_word' id='word_1_97' title='bbox 372 878 435 934; x_wconf 87' lang='lat' dir='ltr'>atque</span> <span class='ocrx_word' id='word_1_98' title='bbox 455 875 599 919; x_wconf 81' lang='lat' dir='ltr'>humanitatis</span> <span class='ocrx_word' id='word_1_99' title='bbox 615 874 743 919; x_wconf 83' lang='lat' dir='ltr'>adscendere</span> <span class='ocrx_word' id='word_1_100' title='bbox 759 878 878 932; x_wconf 89' lang='lat' dir='ltr'>coeperant,</span> <span class='ocrx_word' id='word_1_101' title='bbox 894 877 972 933; x_wconf 84' lang='lat' dir='ltr'>reperi-</span> 
     </span>
     <span class='ocr_line' id='line_1_12' title="bbox 80 948 972 1007; baseline 0 -13"><span class='ocrx_word' id='word_1_102' title='bbox 80 966 135 1000; x_wconf 80' lang='lat' dir='ltr'>mus.</span> <span class='ocrx_word' id='word_1_103' title='bbox 167 949 224 1003; x_wconf 75' lang='lat' dir='ltr'>duae</span> <span class='ocrx_word' id='word_1_104' title='bbox 244 966 292 994; x_wconf 91' lang='lat' dir='ltr'>cum</span> <span class='ocrx_word' id='word_1_105' title='bbox 311 950 341 994; x_wconf 88' lang='lat' dir='ltr'>ita</span> <span class='ocrx_word' id='word_1_106' title='bbox 361 950 411 1002; x_wconf 88' lang='lat' dir='ltr'>sint,</span> <span class='ocrx_word' id='word_1_107' title='bbox 433 949 514 993; x_wconf 87' lang='lat' dir='ltr'>cultum</span> <span class='ocrx_word' id='word_1_108' title='bbox 536 963 622 1007; x_wconf 88' lang='lat' dir='ltr'>quoque</span> <span class='ocrx_word' id='word_1_109' title='bbox 639 948 737 993; x_wconf 77' lang='lat' dir='ltr'>divinum</span> <span class='ocrx_word' id='word_1_110' title='bbox 753 951 774 992; x_wconf 91' lang='lat' dir='ltr'>et</span> <span class='ocrx_word' id='word_1_111' title='bbox 789 949 935 993; x_wconf 84' lang='lat' dir='ltr'>Hebraeorum</span> <span class='ocrx_word' id='word_1_112' title='bbox 951 952 972 994; x_wconf 88' lang='lat' dir='ltr'>et</span> 
     </span>
     <span class='ocr_line' id='line_1_13' title="bbox 79 1021 971 1081; baseline -0.002 -13"><span class='ocrx_word' id='word_1_113' title='bbox 79 1027 199 1069; x_wconf 88' lang='lat' dir='ltr'>ceterarum</span> <span class='ocrx_word' id='word_1_114' title='bbox 214 1023 311 1080; x_wconf 89' lang='lat' dir='ltr'>gentium</span> <span class='ocrx_word' id='word_1_115' title='bbox 326 1024 469 1081; x_wconf 85' lang='lat' dir='ltr'>antiquarum,</span> <span class='ocrx_word' id='word_1_116' title='bbox 485 1022 504 1081; x_wconf 86' lang='lat' dir='ltr'>si</span> <span class='ocrx_word' id='word_1_117' title='bbox 518 1021 622 1066; x_wconf 90' lang='lat' dir='ltr'>notiones</span> <span class='ocrx_word' id='word_1_118' title='bbox 637 1021 768 1080; x_wconf 75' lang='lat' dir='ltr'>religionum</span> <span class='ocrx_word' id='word_1_119' title='bbox 784 1037 872 1066; x_wconf 90' lang='lat' dir='ltr'>suarum</span> <span class='ocrx_word' id='word_1_120' title='bbox 887 1037 971 1080; x_wconf 90' lang='lat' dir='ltr'>expres-</span> 
     </span>
     <span class='ocr_line' id='line_1_14' title="bbox 79 1095 971 1154; baseline 0.001 -16"><span class='ocrx_word' id='word_1_121' title='bbox 79 1112 145 1141; x_wconf 87' lang='lat' dir='ltr'>surus</span> <span class='ocrx_word' id='word_1_122' title='bbox 161 1099 211 1148; x_wconf 86' lang='lat' dir='ltr'>erat,</span> <span class='ocrx_word' id='word_1_123' title='bbox 226 1096 302 1140; x_wconf 80' lang='lat' dir='ltr'>formis</span> <span class='ocrx_word' id='word_1_124' title='bbox 317 1096 436 1154; x_wconf 86' lang='lat' dir='ltr'>ritibusque</span> <span class='ocrx_word' id='word_1_125' title='bbox 452 1110 527 1139; x_wconf 89' lang='lat' dir='ltr'>sensus</span> <span class='ocrx_word' id='word_1_126' title='bbox 543 1095 682 1139; x_wconf 89' lang='lat' dir='ltr'>moventibus</span> <span class='ocrx_word' id='word_1_127' title='bbox 698 1095 808 1139; x_wconf 87' lang='lat' dir='ltr'>abundare</span> <span class='ocrx_word' id='word_1_128' title='bbox 823 1110 908 1139; x_wconf 89' lang='lat' dir='ltr'>necesse</span> <span class='ocrx_word' id='word_1_129' title='bbox 923 1096 971 1140; x_wconf 87' lang='lat' dir='ltr'>fuit.</span> 
     </span>
     <span class='ocr_line' id='line_1_15' title="bbox 83 1168 971 1232; baseline 0 -19"><span class='ocrx_word' id='word_1_130' title='bbox 83 1169 181 1229; x_wconf 86' lang='lat' dir='ltr'>Denique</span> <span class='ocrx_word' id='word_1_131' title='bbox 197 1169 240 1212; x_wconf 91' lang='lat' dir='ltr'>eius</span> <span class='ocrx_word' id='word_1_132' title='bbox 256 1169 286 1213; x_wconf 88' lang='lat' dir='ltr'>rei</span> <span class='ocrx_word' id='word_1_133' title='bbox 301 1170 355 1213; x_wconf 90' lang='lat' dir='ltr'>ratio</span> <span class='ocrx_word' id='word_1_134' title='bbox 371 1169 471 1214; x_wconf 86' lang='lat' dir='ltr'>habenda</span> <span class='ocrx_word' id='word_1_135' title='bbox 482 1173 520 1221; x_wconf 88' lang='lat' dir='ltr'>est,</span> <span class='ocrx_word' id='word_1_136' title='bbox 536 1168 596 1225; x_wconf 89' lang='lat' dir='ltr'>quod</span> <span class='ocrx_word' id='word_1_137' title='bbox 606 1168 683 1232; x_wconf 85' lang='lat' dir='ltr'>religio</span> <span class='ocrx_word' id='word_1_138' title='bbox 694 1168 771 1213; x_wconf 88' lang='lat' dir='ltr'>veteris</span> <span class='ocrx_word' id='word_1_139' title='bbox 786 1169 910 1212; x_wconf 84' lang='lat' dir='ltr'>testamenti</span> <span class='ocrx_word' id='word_1_140' title='bbox 925 1184 971 1213; x_wconf 89' lang='lat' dir='ltr'>non</span> 
     </span>
     <span class='ocr_line' id='line_1_16' title="bbox 78 1230 971 1299; baseline 0.002 -16"><span class='ocrx_word' id='word_1_141' title='bbox 78 1230 153 1286; x_wconf 88' lang='lat' dir='ltr'>solum</span> <span class='ocrx_word' id='word_1_142' title='bbox 173 1242 343 1286; x_wconf 84' lang='lat' dir='ltr'>monotheismus</span> <span class='ocrx_word' id='word_1_143' title='bbox 363 1245 400 1296; x_wconf 89' lang='lat' dir='ltr'>est,</span> <span class='ocrx_word' id='word_1_144' title='bbox 421 1241 566 1299; x_wconf 78' lang='lat' dir='ltr'>polytbeismo</span> <span class='ocrx_word' id='word_1_145' title='bbox 583 1243 701 1285; x_wconf 87' lang='lat' dir='ltr'>ceterarum</span> <span class='ocrx_word' id='word_1_146' title='bbox 721 1241 821 1297; x_wconf 87' lang='lat' dir='ltr'>gentium</span> <span class='ocrx_word' id='word_1_147' title='bbox 837 1242 971 1299; x_wconf 86' lang='lat' dir='ltr'>antiquitatis</span> 
     </span>
     <span class='ocr_line' id='line_1_17' title="bbox 82 1314 971 1371; baseline 0.001 -14"><span class='ocrx_word' id='word_1_148' title='bbox 82 1314 207 1371; x_wconf 78' lang='lat' dir='ltr'>contrariae,</span> <span class='ocrx_word' id='word_1_149' title='bbox 224 1315 260 1358; x_wconf 94' lang='lat' dir='ltr'>sed</span> <span class='ocrx_word' id='word_1_150' title='bbox 275 1315 348 1359; x_wconf 88' lang='lat' dir='ltr'>eadem</span> <span class='ocrx_word' id='word_1_151' title='bbox 363 1315 385 1359; x_wconf 92' lang='lat' dir='ltr'>id</span> <span class='ocrx_word' id='word_1_152' title='bbox 401 1317 488 1371; x_wconf 87' lang='lat' dir='ltr'>spectat,</span> <span class='ocrx_word' id='word_1_153' title='bbox 508 1318 534 1358; x_wconf 90' lang='lat' dir='ltr'>ut</span> <span class='ocrx_word' id='word_1_154' title='bbox 549 1314 710 1358; x_wconf 89' lang='lat' dir='ltr'>restitutionem</span> <span class='ocrx_word' id='word_1_155' title='bbox 726 1315 885 1359; x_wconf 85' lang='lat' dir='ltr'>coniunctionis</span> <span class='ocrx_word' id='word_1_156' title='bbox 900 1314 971 1358; x_wconf 82' lang='lat' dir='ltr'>bomi-</span> 
     </span>
     <span class='ocr_line' id='line_1_18' title="bbox 80 1386 971 1445; baseline 0.002 -15"><span class='ocrx_word' id='word_1_157' title='bbox 80 1402 136 1430; x_wconf 90' lang='lat' dir='ltr'>num</span> <span class='ocrx_word' id='word_1_158' title='bbox 152 1401 199 1430; x_wconf 88' lang='lat' dir='ltr'>cum</span> <span class='ocrx_word' id='word_1_159' title='bbox 216 1386 260 1440; x_wconf 91' lang='lat' dir='ltr'>deo,</span> <span class='ocrx_word' id='word_1_160' title='bbox 276 1402 329 1445; x_wconf 86' lang='lat' dir='ltr'>quae</span> <span class='ocrx_word' id='word_1_161' title='bbox 345 1391 430 1444; x_wconf 89' lang='lat' dir='ltr'>peccato</span> <span class='ocrx_word' id='word_1_162' title='bbox 447 1386 518 1430; x_wconf 89' lang='lat' dir='ltr'>soluta</span> <span class='ocrx_word' id='word_1_163' title='bbox 534 1388 573 1440; x_wconf 87' lang='lat' dir='ltr'>est,</span> <span class='ocrx_word' id='word_1_164' title='bbox 590 1390 731 1444; x_wconf 87' lang='lat' dir='ltr'>praepararet.</span> <span class='ocrx_word' id='word_1_165' title='bbox 760 1387 821 1431; x_wconf 83' lang='lat' dir='ltr'>Unus</span> <span class='ocrx_word' id='word_1_166' title='bbox 836 1403 898 1432; x_wconf 79' lang='lat' dir='ltr'>verus</span> <span class='ocrx_word' id='word_1_167' title='bbox 914 1389 971 1442; x_wconf 90' lang='lat' dir='ltr'>deus,</span> 
     </span>
     <span class='ocr_line' id='line_1_19' title="bbox 80 1458 1001 1516; baseline 0 -13"><span class='ocrx_word' id='word_1_168' title='bbox 80 1474 146 1516; x_wconf 86' lang='lat' dir='ltr'>quem</span> <span class='ocrx_word' id='word_1_169' title='bbox 167 1459 236 1503; x_wconf 86' lang='lat' dir='ltr'>Moses</span> <span class='ocrx_word' id='word_1_170' title='bbox 257 1459 357 1504; x_wconf 85' lang='lat' dir='ltr'>Hebraeis</span> <span class='ocrx_word' id='word_1_171' title='bbox 378 1459 466 1504; x_wconf 90' lang='lat' dir='ltr'>nomine</span> <span class='ocrx_word' id='word_1_172' title='bbox 488 1458 572 1503; x_wconf 84' lang='lat' dir='ltr'>Jabvae</span> <span class='ocrx_word' id='word_1_173' title='bbox 594 1460 708 1516; x_wconf 88' lang='lat' dir='ltr'>praedicat,</span> <span class='ocrx_word' id='word_1_174' title='bbox 731 1475 776 1504; x_wconf 89' lang='lat' dir='ltr'>non</span> <span class='ocrx_word' id='word_1_175' title='bbox 798 1460 869 1505; x_wconf 91' lang='lat' dir='ltr'>solum</span> <span class='ocrx_word' id='word_1_176' title='bbox 891 1463 972 1516; x_wconf 88' lang='lat' dir='ltr'>auctor,</span> <span class='ocrx_word' id='word_1_177' title='bbox 998 1498 1001 1503; x_wconf 95' lang='lat'><em>.</em></span> 
     </span>
     <span class='ocr_line' id='line_1_20' title="bbox 79 1532 972 1591; baseline 0.006 -16"><span class='ocrx_word' id='word_1_178' title='bbox 79 1534 222 1585; x_wconf 88' lang='lat' dir='ltr'>conservator,</span> <span class='ocrx_word' id='word_1_179' title='bbox 238 1532 369 1590; x_wconf 87' lang='lat' dir='ltr'>gubernator</span> <span class='ocrx_word' id='word_1_180' title='bbox 379 1536 412 1577; x_wconf 90' lang='lat' dir='ltr'>est</span> <span class='ocrx_word' id='word_1_181' title='bbox 427 1533 504 1576; x_wconf 88' lang='lat' dir='ltr'>mundi</span> <span class='ocrx_word' id='word_1_182' title='bbox 520 1532 662 1591; x_wconf 88' lang='lat' dir='ltr'>omniumque</span> <span class='ocrx_word' id='word_1_183' title='bbox 677 1548 749 1577; x_wconf 91' lang='lat' dir='ltr'>rerum</span> <span class='ocrx_word' id='word_1_184' title='bbox 764 1533 789 1577; x_wconf 85' lang='lat' dir='ltr'>in</span> <span class='ocrx_word' id='word_1_185' title='bbox 805 1534 862 1578; x_wconf 90' lang='lat' dir='ltr'>caelo</span> <span class='ocrx_word' id='word_1_186' title='bbox 879 1537 900 1578; x_wconf 92' lang='lat' dir='ltr'>et</span> <span class='ocrx_word' id='word_1_187' title='bbox 915 1538 972 1587; x_wconf 82' lang='lat' dir='ltr'>terra</span> 
     </span>
     <span class='ocr_line' id='line_1_21' title="bbox 80 1595 971 1666; baseline 0.004 -18"><span class='ocrx_word' id='word_1_188' title='bbox 80 1606 205 1657; x_wconf 86' lang='lat' dir='ltr'>creatarum,</span> <span class='ocrx_word' id='word_1_189' title='bbox 226 1605 262 1648; x_wconf 90' lang='lat' dir='ltr'>sed</span> <span class='ocrx_word' id='word_1_190' title='bbox 282 1604 345 1649; x_wconf 89' lang='lat' dir='ltr'>etiam</span> <span class='ocrx_word' id='word_1_191' title='bbox 365 1606 434 1650; x_wconf 89' lang='lat' dir='ltr'>iustus</span> <span class='ocrx_word' id='word_1_192' title='bbox 454 1607 475 1649; x_wconf 93' lang='lat' dir='ltr'>et</span> <span class='ocrx_word' id='word_1_193' title='bbox 495 1595 590 1659; x_wconf 86' lang='lat' dir='ltr'>sanctus,</span> <span class='ocrx_word' id='word_1_194' title='bbox 611 1606 718 1664; x_wconf 89' lang='lat' dir='ltr'>benignus</span> <span class='ocrx_word' id='word_1_195' title='bbox 739 1609 760 1650; x_wconf 92' lang='lat' dir='ltr'>et</span> <span class='ocrx_word' id='word_1_196' title='bbox 780 1607 906 1661; x_wconf 76' lang='lat' dir='ltr'>misericors,</span> <span class='ocrx_word' id='word_1_197' title='bbox 928 1609 971 1666; x_wconf 91' lang='lat' dir='ltr'>qui,</span> 
     </span>
     <span class='ocr_line' id='line_1_22' title="bbox 83 1677 971 1737; baseline 0.007 -17"><span class='ocrx_word' id='word_1_198' title='bbox 83 1693 131 1720; x_wconf 91' lang='lat' dir='ltr'>cum</span> <span class='ocrx_word' id='word_1_199' title='bbox 146 1677 248 1730; x_wconf 84' lang='lat' dir='ltr'>homines,</span> <span class='ocrx_word' id='word_1_200' title='bbox 268 1680 381 1735; x_wconf 86' lang='lat' dir='ltr'>postquam</span> <span class='ocrx_word' id='word_1_201' title='bbox 397 1679 423 1722; x_wconf 90' lang='lat' dir='ltr'>ab</span> <span class='ocrx_word' id='word_1_202' title='bbox 440 1693 465 1722; x_wconf 94' lang='lat' dir='ltr'>eo</span> <span class='ocrx_word' id='word_1_203' title='bbox 483 1678 614 1732; x_wconf 85' lang='lat' dir='ltr'>defecerunt,</span> <span class='ocrx_word' id='word_1_204' title='bbox 635 1693 707 1723; x_wconf 89' lang='lat' dir='ltr'>secum</span> <span class='ocrx_word' id='word_1_205' title='bbox 722 1695 795 1724; x_wconf 87' lang='lat' dir='ltr'>rursus</span> <span class='ocrx_word' id='word_1_206' title='bbox 814 1681 897 1737; x_wconf 85' lang='lat' dir='ltr'>placare</span> <span class='ocrx_word' id='word_1_207' title='bbox 913 1682 971 1736; x_wconf 78' lang='lat' dir='ltr'>uelit,</span> 
     </span>
     <span class='ocr_line' id='line_1_23' title="bbox 78 1749 971 1812; baseline 0.007 -19"><span class='ocrx_word' id='word_1_208' title='bbox 78 1749 190 1793; x_wconf 77' lang='lat' dir='ltr'>Abraham</span> <span class='ocrx_word' id='word_1_209' title='bbox 205 1750 271 1808; x_wconf 83' lang='lat' dir='ltr'>eligit,</span> <span class='ocrx_word' id='word_1_210' title='bbox 287 1751 345 1794; x_wconf 90' lang='lat' dir='ltr'>cuius</span> <span class='ocrx_word' id='word_1_211' title='bbox 360 1752 474 1810; x_wconf 89' lang='lat' dir='ltr'>progenies</span> <span class='ocrx_word' id='word_1_212' title='bbox 489 1751 630 1810; x_wconf 87' lang='lat' dir='ltr'>singulariter</span> <span class='ocrx_word' id='word_1_213' title='bbox 645 1768 684 1796; x_wconf 88' lang='lat' dir='ltr'>sua</span> <span class='ocrx_word' id='word_1_214' title='bbox 699 1767 752 1811; x_wconf 88' lang='lat' dir='ltr'>gens</span> <span class='ocrx_word' id='word_1_215' title='bbox 766 1753 811 1806; x_wconf 86' lang='lat' dir='ltr'>fiat,</span> <span class='ocrx_word' id='word_1_216' title='bbox 827 1754 890 1812; x_wconf 91' lang='lat' dir='ltr'>idque</span> <span class='ocrx_word' id='word_1_217' title='bbox 905 1755 937 1799; x_wconf 92' lang='lat' dir='ltr'>ita</span> <span class='ocrx_word' id='word_1_218' title='bbox 946 1758 971 1799; x_wconf 90' lang='lat' dir='ltr'>ut</span> 
     </span>
     <span class='ocr_line' id='line_1_24' title="bbox 82 1822 970 1885; baseline 0.009 -21"><span class='ocrx_word' id='word_1_219' title='bbox 82 1822 219 1880; x_wconf 88' lang='lat' dir='ltr'>singulariter</span> <span class='ocrx_word' id='word_1_220' title='bbox 240 1823 284 1867; x_wconf 92' lang='lat' dir='ltr'>eius</span> <span class='ocrx_word' id='word_1_221' title='bbox 300 1823 350 1867; x_wconf 92' lang='lat' dir='ltr'>deus</span> <span class='ocrx_word' id='word_1_222' title='bbox 370 1839 414 1868; x_wconf 92' lang='lat' dir='ltr'>esse</span> <span class='ocrx_word' id='word_1_223' title='bbox 429 1824 481 1868; x_wconf 81' lang='lat' dir='ltr'>velit</span> <span class='ocrx_word' id='word_1_224' title='bbox 497 1840 522 1868; x_wconf 91' lang='lat' dir='ltr'>eo</span> <span class='ocrx_word' id='word_1_225' title='bbox 540 1825 639 1879; x_wconf 85' lang='lat' dir='ltr'>consilio,</span> <span class='ocrx_word' id='word_1_226' title='bbox 659 1828 684 1869; x_wconf 86' lang='lat' dir='ltr'>ut</span> <span class='ocrx_word' id='word_1_227' title='bbox 699 1841 737 1883; x_wconf 92' lang='lat' dir='ltr'>per</span> <span class='ocrx_word' id='word_1_228' title='bbox 753 1841 800 1869; x_wconf 89' lang='lat' dir='ltr'>earn</span> <span class='ocrx_word' id='word_1_229' title='bbox 820 1830 908 1885; x_wconf 86' lang='lat' dir='ltr'>gentem</span> <span class='ocrx_word' id='word_1_230' title='bbox 924 1844 970 1880; x_wconf 47' lang='lat' dir='ltr'>amq</span> 
     </span>
     <span class='ocr_line' id='line_1_25' title="bbox 81 1894 971 1959; baseline 0.009 -22"><span class='ocrx_word' id='word_1_231' title='bbox 81 1895 145 1937; x_wconf 85' lang='lat' dir='ltr'>nibus</span> <span class='ocrx_word' id='word_1_232' title='bbox 165 1894 288 1939; x_wconf 88' lang='lat' dir='ltr'>bominibus</span> <span class='ocrx_word' id='word_1_233' title='bbox 308 1896 396 1941; x_wconf 87' lang='lat' dir='ltr'>salutem</span> <span class='ocrx_word' id='word_1_234' title='bbox 415 1901 505 1953; x_wconf 83' lang='lat' dir='ltr'>pareret.</span> <span class='ocrx_word' id='word_1_235' title='bbox 537 1898 616 1955; x_wconf 87' lang='lat' dir='ltr'>Itaque</span> <span class='ocrx_word' id='word_1_236' title='bbox 631 1898 656 1942; x_wconf 87' lang='lat' dir='ltr'>in</span> <span class='ocrx_word' id='word_1_237' title='bbox 671 1914 696 1941; x_wconf 90' lang='lat' dir='ltr'>ea</span> <span class='ocrx_word' id='word_1_238' title='bbox 711 1901 776 1956; x_wconf 86' lang='lat' dir='ltr'>gente</span> <span class='ocrx_word' id='word_1_239' title='bbox 797 1915 889 1959; x_wconf 84' lang='lat' dir='ltr'>regnum</span> <span class='ocrx_word' id='word_1_240' title='bbox 908 1917 971 1945; x_wconf 88' lang='lat' dir='ltr'>suum</span> 
     </span>
     <span class='ocr_line' id='line_1_26' title="bbox 79 1967 972 2033; baseline 0.011 -23"><span class='ocrx_word' id='word_1_241' title='bbox 79 1967 161 2020; x_wconf 84' lang='lat' dir='ltr'>condit,</span> <span class='ocrx_word' id='word_1_242' title='bbox 183 1983 230 2011; x_wconf 83' lang='lat' dir='ltr'>curn</span> <span class='ocrx_word' id='word_1_243' title='bbox 246 1984 292 2012; x_wconf 89' lang='lat' dir='ltr'>eam</span> <span class='ocrx_word' id='word_1_244' title='bbox 308 1984 333 2013; x_wconf 90' lang='lat' dir='ltr'>ex</span> <span class='ocrx_word' id='word_1_245' title='bbox 349 1970 449 2014; x_wconf 88' lang='lat' dir='ltr'>servitute</span> <span class='ocrx_word' id='word_1_246' title='bbox 465 1970 625 2028; x_wconf 84' lang='lat' dir='ltr'>Aegyptiorum</span> <span class='ocrx_word' id='word_1_247' title='bbox 640 1971 719 2016; x_wconf 88' lang='lat' dir='ltr'>liberat</span> <span class='ocrx_word' id='word_1_248' title='bbox 735 1987 785 2016; x_wconf 92' lang='lat' dir='ltr'>oum</span> <span class='ocrx_word' id='word_1_249' title='bbox 800 1973 932 2033; x_wconf 89' lang='lat' dir='ltr'>liberataque</span> <span class='ocrx_word' id='word_1_250' title='bbox 948 1975 972 2019; x_wconf 93' lang='lat' dir='ltr'>in</span> 
     </span>
     <span class='ocr_line' id='line_1_27' title="bbox 81 2039 971 2103; baseline 0.009 -20"><span class='ocrx_word' id='word_1_251' title='bbox 81 2041 155 2084; x_wconf 88' lang='lat' dir='ltr'>monte</span> <span class='ocrx_word' id='word_1_252' title='bbox 165 2039 223 2085; x_wconf 80' lang='lat' dir='ltr'>Sinai</span> <span class='ocrx_word' id='word_1_253' title='bbox 237 2041 311 2085; x_wconf 84' lang='lat' dir='ltr'>foedus</span> <span class='ocrx_word' id='word_1_254' title='bbox 326 2043 373 2096; x_wconf 84' lang='lat' dir='ltr'>init,</span> <span class='ocrx_word' id='word_1_255' title='bbox 389 2043 446 2101; x_wconf 92' lang='lat' dir='ltr'>quod</span> <span class='ocrx_word' id='word_1_256' title='bbox 462 2044 480 2087; x_wconf 90' lang='lat' dir='ltr'>si</span> <span class='ocrx_word' id='word_1_257' title='bbox 495 2045 592 2098; x_wconf 89' lang='lat' dir='ltr'>servarit,</span> <span class='ocrx_word' id='word_1_258' title='bbox 609 2045 675 2089; x_wconf 86' lang='lat' dir='ltr'>lsrael</span> <span class='ocrx_word' id='word_1_259' title='bbox 691 2045 733 2089; x_wconf 89' lang='lat' dir='ltr'>sibi</span> <span class='ocrx_word' id='word_1_260' title='bbox 751 2046 872 2103; x_wconf 89' lang='lat' dir='ltr'>,peculium</span> <span class='ocrx_word' id='word_1_261' title='bbox 887 2063 913 2091; x_wconf 92' lang='lat' dir='ltr'>ex</span> <span class='ocrx_word' id='word_1_262' title='bbox 924 2063 971 2092; x_wconf 92' lang='lat' dir='ltr'>om-</span> 
     </span>
     <span class='ocr_line' id='line_1_28' title="bbox 80 2113 971 2181; baseline 0.011 -26"><span class='ocrx_word' id='word_1_263' title='bbox 80 2113 145 2156; x_wconf 90' lang='lat' dir='ltr'>nibus</span> <span class='ocrx_word' id='word_1_264' title='bbox 165 2114 270 2170; x_wconf 88' lang='lat' dir='ltr'>gentibus,</span> <span class='ocrx_word' id='word_1_265' title='bbox 290 2130 380 2174; x_wconf 89' lang='lat' dir='ltr'>regnum</span> <span class='ocrx_word' id='word_1_266' title='bbox 401 2117 541 2171; x_wconf 88' lang='lat' dir='ltr'>sacerdotum,</span> <span class='ocrx_word' id='word_1_267' title='bbox 562 2134 617 2177; x_wconf 88' lang='lat' dir='ltr'>gens</span> <span class='ocrx_word' id='word_1_268' title='bbox 637 2121 723 2163; x_wconf 79' lang='lat' dir='ltr'>sancta“</span> <span class='ocrx_word' id='word_1_269' title='bbox 746 2120 786 2164; x_wconf 85' lang='lat' dir='ltr'>fiat</span> <span class='ocrx_word' id='word_1_270' title='bbox 807 2119 847 2180; x_wconf 81' lang='lat' dir='ltr'>(Hx</span> <span class='ocrx_word' id='word_1_271' title='bbox 864 2125 898 2174; x_wconf 79' lang='grc'>19,</span> <span class='ocrx_word' id='word_1_272' title='bbox 914 2122 971 2181; x_wconf 74' lang='lat' dir='ltr'>bs).</span> 
     </span>
     <span class='ocr_line' id='line_1_29' title="bbox 83 2184 971 2248; baseline 0.012 -21"><span class='ocrx_word' id='word_1_273' title='bbox 83 2184 146 2228; x_wconf 85' lang='lat' dir='ltr'>Ratio</span> <span class='ocrx_word' id='word_1_274' title='bbox 167 2188 237 2229; x_wconf 89' lang='lat' dir='ltr'>autem</span> <span class='ocrx_word' id='word_1_275' title='bbox 258 2187 314 2231; x_wconf 89' lang='lat' dir='ltr'>inter</span> <span class='ocrx_word' id='word_1_276' title='bbox 330 2189 414 2234; x_wconf 80' lang='lat' dir='ltr'>Jahven</span> <span class='ocrx_word' id='word_1_277' title='bbox 430 2193 452 2234; x_wconf 89' lang='lat' dir='ltr'>et</span> <span class='ocrx_word' id='word_1_278' title='bbox 467 2193 557 2248; x_wconf 87' lang='lat' dir='ltr'>gentem</span> <span class='ocrx_word' id='word_1_279' title='bbox 573 2191 700 2236; x_wconf 89' lang='lat' dir='ltr'>Hebraicam</span> <span class='ocrx_word' id='word_1_280' title='bbox 720 2192 759 2236; x_wconf 86' lang='lat' dir='ltr'>illo</span> <span class='ocrx_word' id='word_1_281' title='bbox 780 2192 864 2237; x_wconf 85' lang='lat' dir='ltr'>foedere</span> <span class='ocrx_word' id='word_1_282' title='bbox 884 2194 971 2238; x_wconf 90' lang='lat' dir='ltr'>condita</span> 
     </span>
     <span class='ocr_line' id='line_1_30' title="bbox 82 2258 971 2325; baseline 0.013 -25"><span class='ocrx_word' id='word_1_283' title='bbox 82 2266 126 2301; x_wconf 88' lang='lat' dir='ltr'>non</span> <span class='ocrx_word' id='word_1_284' title='bbox 147 2258 216 2302; x_wconf 90' lang='lat' dir='ltr'>solum</span> <span class='ocrx_word' id='word_1_285' title='bbox 236 2260 259 2303; x_wconf 95' lang='lat' dir='ltr'>in</span> <span class='ocrx_word' id='word_1_286' title='bbox 279 2276 303 2304; x_wconf 92' lang='lat' dir='ltr'>eo</span> <span class='ocrx_word' id='word_1_287' title='bbox 324 2265 416 2319; x_wconf 90' lang='lat' dir='ltr'>apparet,</span> <span class='ocrx_word' id='word_1_288' title='bbox 437 2264 496 2321; x_wconf 88' lang='lat' dir='ltr'>quod</span> <span class='ocrx_word' id='word_1_289' title='bbox 511 2263 583 2308; x_wconf 86' lang='lat' dir='ltr'>Jahve</span> <span class='ocrx_word' id='word_1_290' title='bbox 598 2267 623 2308; x_wconf 92' lang='lat' dir='ltr'>ut</span> <span class='ocrx_word' id='word_1_291' title='bbox 640 2264 744 2310; x_wconf 88' lang='lat' dir='ltr'>dominus</span> <span class='ocrx_word' id='word_1_292' title='bbox 756 2268 778 2310; x_wconf 88' lang='lat' dir='ltr'>et</span> <span class='ocrx_word' id='word_1_293' title='bbox 793 2282 830 2310; x_wconf 89' lang='lat' dir='ltr'>rex</span> <span class='ocrx_word' id='word_1_294' title='bbox 846 2268 907 2325; x_wconf 88' lang='lat' dir='ltr'>genti</span> <span class='ocrx_word' id='word_1_295' title='bbox 922 2284 971 2322; x_wconf 88' lang='lat' dir='ltr'>suae</span> 
     </span>
     <span class='ocr_line' id='line_1_31' title="bbox 81 2330 972 2397; baseline 0.013 -25"><span class='ocrx_word' id='word_1_296' title='bbox 81 2330 138 2373; x_wconf 85' lang='lat' dir='ltr'>ritae</span> <span class='ocrx_word' id='word_1_297' title='bbox 158 2331 254 2376; x_wconf 90' lang='lat' dir='ltr'>ordinem</span> <span class='ocrx_word' id='word_1_298' title='bbox 275 2335 355 2384; x_wconf 83' lang='lat' dir='ltr'>statuit,</span> <span class='ocrx_word' id='word_1_299' title='bbox 375 2336 455 2379; x_wconf 87' lang='lat' dir='ltr'>terram</span> <span class='ocrx_word' id='word_1_300' title='bbox 470 2336 559 2381; x_wconf 75' lang='lat' dir='ltr'>Oanaan</span> <span class='ocrx_word' id='word_1_301' title='bbox 578 2337 688 2395; x_wconf 88' lang='lat' dir='ltr'>propriam</span> <span class='ocrx_word' id='word_1_302' title='bbox 703 2338 762 2392; x_wconf 85' lang='lat' dir='ltr'>facit,</span> <span class='ocrx_word' id='word_1_303' title='bbox 783 2355 901 2397; x_wconf 88' lang='lat' dir='ltr'>numquam</span> <span class='ocrx_word' id='word_1_304' title='bbox 917 2341 972 2384; x_wconf 92' lang='lat' dir='ltr'>tueri</span> 
     </span>
     <span class='ocr_line' id='line_1_32' title="bbox 82 2404 971 2472; baseline 0.016 -27"><span class='ocrx_word' id='word_1_305' title='bbox 82 2405 103 2446; x_wconf 92' lang='lat' dir='ltr'>et</span> <span class='ocrx_word' id='word_1_306' title='bbox 113 2416 185 2461; x_wconf 88' lang='lat' dir='ltr'>regere</span> <span class='ocrx_word' id='word_1_307' title='bbox 196 2404 278 2458; x_wconf 89' lang='lat' dir='ltr'>desinit,</span> <span class='ocrx_word' id='word_1_308' title='bbox 295 2407 405 2452; x_wconf 86' lang='lat' dir='ltr'>sedetiam</span> <span class='ocrx_word' id='word_1_309' title='bbox 416 2411 476 2453; x_wconf 89' lang='lat' dir='ltr'>cultu</span> <span class='ocrx_word' id='word_1_310' title='bbox 487 2410 562 2454; x_wconf 85' lang='lat' dir='ltr'>divino</span> <span class='ocrx_word' id='word_1_311' title='bbox 573 2411 676 2454; x_wconf 89' lang='lat' dir='ltr'>Hebraeis</span> <span class='ocrx_word' id='word_1_312' title='bbox 692 2413 823 2470; x_wconf 88' lang='lat' dir='ltr'>praescripto</span> <span class='ocrx_word' id='word_1_313' title='bbox 838 2413 971 2472; x_wconf 79' lang='lat' dir='ltr'>exprimitur,</span> 
     </span>
     <span class='ocr_line' id='line_1_33' title="bbox 79 2475 971 2543; baseline 0.015 -25"><span class='ocrx_word' id='word_1_314' title='bbox 79 2475 119 2531; x_wconf 87' lang='lat' dir='ltr'>qui</span> <span class='ocrx_word' id='word_1_315' title='bbox 139 2477 170 2520; x_wconf 90' lang='lat' dir='ltr'>ita</span> <span class='ocrx_word' id='word_1_316' title='bbox 189 2477 315 2532; x_wconf 78' lang='lat' dir='ltr'>instituitur,</span> <span class='ocrx_word' id='word_1_317' title='bbox 335 2482 360 2524; x_wconf 91' lang='lat' dir='ltr'>ut</span> <span class='ocrx_word' id='word_1_318' title='bbox 378 2481 443 2537; x_wconf 88' lang='lat' dir='ltr'>plane</span> <span class='ocrx_word' id='word_1_319' title='bbox 463 2485 527 2539; x_wconf 86' lang='lat' dir='ltr'>aptus</span> <span class='ocrx_word' id='word_1_320' title='bbox 547 2483 582 2540; x_wconf 81' lang='lat' dir='ltr'>sit,</span> <span class='ocrx_word' id='word_1_321' title='bbox 604 2499 646 2542; x_wconf 89' lang='lat' dir='ltr'>quo</span> <span class='ocrx_word' id='word_1_322' title='bbox 668 2499 722 2542; x_wconf 86' lang='lat' dir='ltr'>gens</span> <span class='ocrx_word' id='word_1_323' title='bbox 740 2485 833 2542; x_wconf 89' lang='lat' dir='ltr'>peccatis</span> <span class='ocrx_word' id='word_1_324' title='bbox 849 2486 932 2543; x_wconf 89' lang='lat' dir='ltr'>polluta</span> <span class='ocrx_word' id='word_1_325' title='bbox 947 2487 971 2531; x_wconf 89' lang='lat' dir='ltr'>in</span> 
     </span>
     <span class='ocr_line' id='line_1_34' title="bbox 81 2547 971 2617; baseline 0.017 -28"><span class='ocrx_word' id='word_1_326' title='bbox 81 2550 141 2591; x_wconf 87' lang='lat' dir='ltr'>metu</span> <span class='ocrx_word' id='word_1_327' title='bbox 156 2547 264 2594; x_wconf 71' lang='lat' dir='ltr'>cremore</span> <span class='ocrx_word' id='word_1_328' title='bbox 275 2551 309 2594; x_wconf 89' lang='lat' dir='ltr'>dei</span> <span class='ocrx_word' id='word_1_329' title='bbox 324 2552 423 2598; x_wconf 89' lang='lat' dir='ltr'>educetur</span> <span class='ocrx_word' id='word_1_330' title='bbox 439 2557 460 2598; x_wconf 93' lang='lat' dir='ltr'>et</span> <span class='ocrx_word' id='word_1_331' title='bbox 476 2556 503 2599; x_wconf 88' lang='lat' dir='ltr'>ad</span> <span class='ocrx_word' id='word_1_332' title='bbox 518 2555 639 2613; x_wconf 85' lang='lat' dir='ltr'>perfectam</span> <span class='ocrx_word' id='word_1_333' title='bbox 654 2558 800 2615; x_wconf 87' lang='lat' dir='ltr'>placationem</span> <span class='ocrx_word' id='word_1_334' title='bbox 810 2558 849 2612; x_wconf 91' lang='lat' dir='ltr'>dei,</span> <span class='ocrx_word' id='word_1_335' title='bbox 865 2575 918 2616; x_wconf 91' lang='lat' dir='ltr'>quae</span> <span class='ocrx_word' id='word_1_336' title='bbox 934 2575 971 2617; x_wconf 84' lang='lat' dir='ltr'>per</span> 
     </span>
     <span class='ocr_line' id='line_1_35' title="bbox 78 2618 971 2689; baseline 0.017 -27"><span class='ocrx_word' id='word_1_337' title='bbox 78 2618 190 2665; x_wconf 57' lang='lat' dir='ltr'>*Christum</span> <span class='ocrx_word' id='word_1_338' title='bbox 206 2622 230 2666; x_wconf 93' lang='lat' dir='ltr'>in</span> <span class='ocrx_word' id='word_1_339' title='bbox 245 2638 302 2668; x_wconf 86' lang='lat' dir='ltr'>novo</span> <span class='ocrx_word' id='word_1_340' title='bbox 317 2625 400 2669; x_wconf 80' lang='lat' dir='ltr'>foedere</span> <span class='ocrx_word' id='word_1_341' title='bbox 415 2628 532 2684; x_wconf 88' lang='lat' dir='ltr'>perficitur,</span> <span class='ocrx_word' id='word_1_342' title='bbox 548 2633 693 2687; x_wconf 88' lang='lat' dir='ltr'>praeparetur,</span> <span class='ocrx_word' id='word_1_343' title='bbox 713 2647 756 2689; x_wconf 88' lang='lat' dir='ltr'>qua</span> <span class='ocrx_word' id='word_1_344' title='bbox 771 2648 793 2676; x_wconf 91' lang='lat' dir='ltr'>re</span> <span class='ocrx_word' id='word_1_345' title='bbox 809 2632 879 2676; x_wconf 86' lang='lat' dir='ltr'>cultus</span> <span class='ocrx_word' id='word_1_346' title='bbox 895 2634 971 2677; x_wconf 85' lang='lat' dir='ltr'>veteris</span> 
     </span>
     <span class='ocr_line' id='line_1_36' title="bbox 77 2693 568 2759; baseline 0.024 -25"><span class='ocrx_word' id='word_1_347' title='bbox 77 2693 204 2738; x_wconf 57' lang='lat' dir='ltr'>‘testamenti</span> <span class='ocrx_word' id='word_1_348' title='bbox 219 2697 312 2754; x_wconf 74' lang='lat' dir='ltr'>typicam</span> <span class='ocrx_word' id='word_1_349' title='bbox 327 2713 410 2756; x_wconf 91' lang='lat' dir='ltr'>quoque</span> <span class='ocrx_word' id='word_1_350' title='bbox 426 2702 468 2744; x_wconf 79' lang='lat' dir='ltr'>cire</span> <span class='ocrx_word' id='word_1_351' title='bbox 484 2701 568 2759; x_wconf 86' lang='lat' dir='ltr'>accipit.</span> 
     </span>
    </p>

    <p class='ocr_par' dir='ltr' id='par_1_3' title="bbox 77 2765 973 3202">
     <span class='ocr_line' id='line_1_37' title="bbox 143 2765 971 2824; baseline 0.017 -15"><span class='ocrx_word' id='word_1_352' title='bbox 143 2765 201 2819; x_wconf 70' lang='lat' dir='ltr'>Quae</span> <span class='ocrx_word' id='word_1_353' title='bbox 221 2783 269 2812; x_wconf 85' lang='lat' dir='ltr'>curn</span> <span class='ocrx_word' id='word_1_354' title='bbox 289 2770 319 2814; x_wconf 91' lang='lat' dir='ltr'>ita</span> <span class='ocrx_word' id='word_1_355' title='bbox 339 2772 388 2824; x_wconf 92' lang='lat' dir='ltr'>sint,</span> <span class='ocrx_word' id='word_1_356' title='bbox 409 2788 420 2815; x_wconf 91' lang='lat' dir='ltr'>e</span> <span class='ocrx_word' id='word_1_357' title='bbox 437 2774 528 2818; x_wconf 88' lang='lat' dir='ltr'>oonsilio</span> <span class='ocrx_word' id='word_1_358' title='bbox 548 2776 687 2820; x_wconf 84' lang='lat' dir='ltr'>revelationis</span> <span class='ocrx_word' id='word_1_359' title='bbox 702 2778 780 2821; x_wconf 87' lang='lat' dir='ltr'>veteris</span> <span class='ocrx_word' id='word_1_360' title='bbox 795 2779 917 2822; x_wconf 88' lang='lat' dir='ltr'>testamenti</span> <span class='ocrx_word' id='word_1_361' title='bbox 932 2795 971 2823; x_wconf 91' lang='lat' dir='ltr'>ne-</span> 
     </span>
     <span class='ocr_line' id='line_1_38' title="bbox 78 2839 972 2907; baseline 0.019 -28"><span class='ocrx_word' id='word_1_362' title='bbox 78 2839 170 2882; x_wconf 87' lang='lat' dir='ltr'>cessario</span> <span class='ocrx_word' id='word_1_363' title='bbox 186 2843 265 2893; x_wconf 84' lang='lat' dir='ltr'>manat,</span> <span class='ocrx_word' id='word_1_364' title='bbox 281 2844 338 2899; x_wconf 89' lang='lat' dir='ltr'>quod</span> <span class='ocrx_word' id='word_1_365' title='bbox 353 2845 434 2889; x_wconf 87' lang='lat' dir='ltr'>formae</span> <span class='ocrx_word' id='word_1_366' title='bbox 451 2847 522 2892; x_wconf 88' lang='lat' dir='ltr'>cultus</span> <span class='ocrx_word' id='word_1_367' title='bbox 538 2849 629 2893; x_wconf 86' lang='lat' dir='ltr'>Mosaici</span> <span class='ocrx_word' id='word_1_368' title='bbox 645 2850 742 2894; x_wconf 85' lang='lat' dir='ltr'>sensibus</span> <span class='ocrx_word' id='word_1_369' title='bbox 758 2851 910 2907; x_wconf 88' lang='lat' dir='ltr'>percipiuntur.</span> <span class='ocrx_word' id='word_1_370' title='bbox 937 2852 972 2897; x_wconf 89' lang='lat' dir='ltr'>Ita</span> 
     </span>
     <span class='ocr_line' id='line_1_39' title="bbox 77 2912 972 2975; baseline 0.019 -23"><span class='ocrx_word' id='word_1_371' title='bbox 77 2913 125 2952; x_wconf 59' lang='lat' dir='ltr'>‘uua</span> <span class='ocrx_word' id='word_1_372' title='bbox 142 2912 252 2968; x_wconf 89' lang='lat' dir='ltr'>opiniones</span> <span class='ocrx_word' id='word_1_373' title='bbox 267 2930 346 2970; x_wconf 89' lang='lat' dir='ltr'>eorum,</span> <span class='ocrx_word' id='word_1_374' title='bbox 363 2918 400 2975; x_wconf 88' lang='lat' dir='ltr'>qui</span> <span class='ocrx_word' id='word_1_375' title='bbox 415 2919 473 2964; x_wconf 85' lang='lat' dir='ltr'>inter</span> <span class='ocrx_word' id='word_1_376' title='bbox 487 2921 560 2966; x_wconf 89' lang='lat' dir='ltr'>cultus</span> <span class='ocrx_word' id='word_1_377' title='bbox 575 2923 656 2966; x_wconf 82' lang='lat' dir='ltr'>formas</span> <span class='ocrx_word' id='word_1_378' title='bbox 672 2925 694 2967; x_wconf 89' lang='lat' dir='ltr'>et</span> <span class='ocrx_word' id='word_1_379' title='bbox 709 2924 809 2967; x_wconf 89' lang='lat' dir='ltr'>notiones</span> <span class='ocrx_word' id='word_1_380' title='bbox 825 2924 852 2967; x_wconf 89' lang='lat' dir='ltr'>iis</span> <span class='ocrx_word' id='word_1_381' title='bbox 866 2925 972 2970; x_wconf 89' lang='lat' dir='ltr'>subiectas</span> 
     </span>
     <span class='ocr_line' id='line_1_40' title="bbox 78 2985 972 3049; baseline 0.019 -24"><span class='ocrx_word' id='word_1_382' title='bbox 78 2996 157 3037; x_wconf 69' lang='lat' dir='ltr'>‘parurn</span> <span class='ocrx_word' id='word_1_383' title='bbox 180 2985 324 3045; x_wconf 83' lang='lat' dir='ltr'>distinguunt,</span> <span class='ocrx_word' id='word_1_384' title='bbox 345 2990 410 3035; x_wconf 79' lang='lat' dir='ltr'>falsas</span> <span class='ocrx_word' id='word_1_385' title='bbox 432 3007 477 3037; x_wconf 89' lang='lat' dir='ltr'>esse</span> <span class='ocrx_word' id='word_1_386' title='bbox 500 2994 673 3040; x_wconf 90' lang='lat' dir='ltr'>demonstratum</span> <span class='ocrx_word' id='word_1_387' title='bbox 695 2999 733 3043; x_wconf 87' lang='lat' dir='ltr'>est.</span> <span class='ocrx_word' id='word_1_388' title='bbox 754 2986 838 3049; x_wconf 66' lang='lat' dir='ltr'>&#39;Quare</span> <span class='ocrx_word' id='word_1_389' title='bbox 859 2997 882 3041; x_wconf 92' lang='lat' dir='ltr'>id</span> <span class='ocrx_word' id='word_1_390' title='bbox 903 2997 972 3043; x_wconf 87' lang='lat' dir='ltr'>unum</span> 
     </span>
     <span class='ocr_line' id='line_1_41' title="bbox 78 3057 971 3129; baseline 0.021 -33"><span class='ocrx_word' id='word_1_391' title='bbox 78 3057 153 3109; x_wconf 86' lang='lat' dir='ltr'>restat,</span> <span class='ocrx_word' id='word_1_392' title='bbox 173 3060 197 3101; x_wconf 94' lang='lat' dir='ltr'>ut</span> <span class='ocrx_word' id='word_1_393' title='bbox 213 3058 238 3103; x_wconf 91' lang='lat' dir='ltr'>de</span> <span class='ocrx_word' id='word_1_394' title='bbox 258 3062 374 3117; x_wconf 88' lang='lat' dir='ltr'>symbolica</span> <span class='ocrx_word' id='word_1_395' title='bbox 389 3070 410 3109; x_wconf 91' lang='lat' dir='ltr'>et</span> <span class='ocrx_word' id='word_1_396' title='bbox 425 3067 498 3124; x_wconf 85' lang='lat' dir='ltr'>typica</span> <span class='ocrx_word' id='word_1_397' title='bbox 519 3068 680 3127; x_wconf 87' lang='lat' dir='ltr'>significatione</span> <span class='ocrx_word' id='word_1_398' title='bbox 700 3070 771 3113; x_wconf 88' lang='lat' dir='ltr'>cultus</span> <span class='ocrx_word' id='word_1_399' title='bbox 791 3069 880 3114; x_wconf 85' lang='lat' dir='ltr'>Mosaici</span> <span class='ocrx_word' id='word_1_400' title='bbox 900 3071 971 3129; x_wconf 89' lang='lat' dir='ltr'>dispu-</span> 
     </span>
     <span class='ocr_line' id='line_1_42' title="bbox 77 3126 973 3202; baseline 0.025 -34"><span class='ocrx_word' id='word_1_401' title='bbox 77 3126 144 3178; x_wconf 82' lang='lat' dir='ltr'>tetur,</span> <span class='ocrx_word' id='word_1_402' title='bbox 158 3131 262 3185; x_wconf 50' lang='lat' dir='ltr'>¹quoniam</span> <span class='ocrx_word' id='word_1_403' title='bbox 278 3135 398 3191; x_wconf 86' lang='lat' dir='ltr'>symbolum</span> <span class='ocrx_word' id='word_1_404' title='bbox 414 3140 435 3182; x_wconf 90' lang='lat' dir='ltr'>et</span> <span class='ocrx_word' id='word_1_405' title='bbox 451 3141 516 3196; x_wconf 89' lang='lat' dir='ltr'>typus</span> <span class='ocrx_word' id='word_1_406' title='bbox 532 3156 595 3198; x_wconf 90' lang='lat' dir='ltr'>saepe</span> <span class='ocrx_word' id='word_1_407' title='bbox 611 3143 668 3185; x_wconf 89' lang='lat' dir='ltr'>inter</span> <span class='ocrx_word' id='word_1_408' title='bbox 684 3157 706 3186; x_wconf 90' lang='lat' dir='ltr'>se</span> <span class='ocrx_word' id='word_1_409' title='bbox 722 3141 811 3186; x_wconf 81' lang='lat' dir='ltr'>confusa</span> <span class='ocrx_word' id='word_1_410' title='bbox 824 3148 885 3197; x_wconf 88' lang='lat' dir='ltr'>sunt;</span> <span class='ocrx_word' id='word_1_411' title='bbox 900 3147 973 3202; x_wconf 86' lang='lat' dir='ltr'>patres</span> 
     </span>
    </p>
   </div>
   <div class='ocr_carea' id='block_1_3' title="bbox 0 0 1058 3321">
    <p class='ocr_par' dir='ltr' id='par_1_4' title="bbox 0 0 1058 3321">
     <span class='ocr_line' id='line_1_43' title="bbox 0 0 1058 3321; baseline 0 0"><span class='ocrx_word' id='word_1_412' title='bbox 0 0 1058 3321; x_wconf 95' lang='lat' dir='ltr'> </span> 
     </span>
    </p>
   </div>
  </div>
 </body>
</html>
