2165 3388
142 142 186 186 772
434 137 479 174 Pars
492 137 524 176 111.
543 137 674 185 Antiquitates
687 139 752 177 civiles

203 260 274 318 Atque
290 260 328 318 qui
341 261 434 304 alterum
449 262 473 305 111
484 261 530 305 rixa
545 261 575 305 ita
585 265 725 319 percusserat,
741 267 767 309 ut
777 264 835 309 lecto
847 264 977 325 affigeretur,
994 283 1041 312 non

142 333 206 377 modo
227 333 249 377 id
268 334 377 386 damnum,
399 334 457 392 quod
472 335 601 388 vulneratus,
623 335 674 379 dum
696 340 799 395 aegrotus
820 341 872 391 erat,
892 341 982 398 negotia
1002 357 1044 385 sua.

141 406 260 465 neglegens
272 406 396 463 accipiebat,
413 408 426 455 1,
438 408 548 463 ebrorum
559 424 648 462 cessans,
660 424 806 467 compensare,
823 411 935 456 sedetiam
946 414 1049 458 medica-r

141 480 208 525 tionis
224 483 322 538 sumptus
343 482 390 542 (ὅσα
406 492 449 535 τοῖς
463 484 541 542 ἰατροῖς
557 486 637 542 ἔδωκεν,
658 485 683 527 ut
699 485 730 529 ait
746 485 855 543 {Iosephus
870 485 905 551 Ad
920 490 940 540 4,
958 492 978 535 8.
994 488 1043 548 33),

141 554 154 597 i.
171 571 187 598 e.
204 554 307 598 damnum
323 570 440 613 emergens
455 556 536 600 solvere
552 555 643 600 debebat
659 557 699 617 (ΕΚ
716 562 752 612 21,
771 560 839 620 181),

156 687 162 702 s
202 634 223 679 si
240 635 281 679 viri
296 635 392 679 rixantes
407 634 518 679 mulierem
533 638 689 693 praegnantem
699 637 812 692 laeserant,
829 641 854 682 ut
870 638 932 683 eitius
949 644 1041 697 pareret,

140 708 209 752 multa
225 708 251 751 ad
263 708 436 752 aestimationem
451 708 523 752 mariti
538 712 559 752 et
569 709 702 753 arbitrorum
718 710 822 755 solvenda
833 715 879 755 erat
895 712 935 771 (Ex
947 718 982 767 21,
994 716 1038 774 22).

141 781 211 825 Etiam
226 782 250 825 in
267 781 337 825 codice
350 782 495 838 Hammurapi,
512 782 529 825 si
545 782 592 840 quis
604 783 715 827 mulierem
726 787 883 841 praegnantem
900 786 931 829 ita
941 786 1040 840 violavit,

140 858 165 899 ut
180 858 254 911 partus
271 857 393 906 moreretur,
409 855 499 917 panonnia
516 855 619 900 multatur
636 856 656 915 (p
673 861 729 905 aba,
741 859 802 915 210).

201 969 295 1009 Ueterum
310 983 333 1009 ex
349 969 379 1009 Ex
396 975 430 1018 al,
448 962 474 1011 22
492 970 512 1009 et
528 970 554 1009 Di
571 976 604 1018 25,
625 977 673 1012 ils,
695 983 742 1010 oum
765 971 834 1023 aliqua
854 973 897 1013 veri
916 973 981 1025 specie
997 975 1038 1014 coi-

140 1030 177 1083 iigi
187 1032 255 1082 potest
267 1030 413 1083 antiquissimis
423 1031 549 1082 temporibus
566 1032 620 1083 apud
630 1031 734 1071 Hebraeos
751 1032 814 1072 moris
825 1033 893 1084 fuisse,
909 1036 934 1074 11
944 1034 1039 1084 feminae„

139 1092 231 1131 utrisne
248 1093 269 1131 et
284 1105 363 1144 pugnas
380 1092 471 1132 virorum
487 1092 585 1140 sedarent,
602 1104 623 1131 se
639 1092 693 1132 inter
709 1105 743 1133 eos
760 1092 861 1134 inferrent
872 1106 947 1146 eosque
962 1095 991 1136 ita
1007 1096 1040 1136 di„

140 1154 250 1196 moverent,
283 1152 321 1199 uni
344 1165 386 1192 mes
409 1152 469 1192 etiam
491 1165 544 1193 1111
566 1153 619 1205 apud
642 1153 754 1211 nonnullas
777 1157 849 1206 gentes
870 1155 954 1196 orientis
974 1157 1039 1209 viget,

140 1215 211 1265 Neque
227 1226 274 1254 vero
291 1214 400 1265 quisquam
417 1214 470 1265 apud
486 1226 519 1253 eas
534 1214 595 1253 talem
612 1214 709 1254 feminam
725 1214 795 1255 laedit

200 1331 243 1375 Pro
265 1346 325 1375 servo
348 1330 448 1392 (aneilla),
474 1331 511 1388 qui
531 1347 544 1374 a
563 1331 618 1375 bove
639 1334 759 1388 cornupeta
781 1332 925 1391 interemptus
945 1337 997 1388 erat,
1024 1352 1038 1379 a

139 1404 234 1458 (turnino,
257 1404 294 1461 qui
309 1404 388 1448 bovem
409 1418 454 1447 esse
473 1403 565 1447 ferocem
580 1404 666 1457 sciebat,
688 1419 714 1448 ex
730 1405 780 1463 lege
795 1405 827 1448 ΕΚ
843 1410 878 1459 21,
896 1410 925 1454 32
945 1408 1040 1466 triginta,

138 1478 185 1522 sicii
200 1477 309 1535 pendendi
326 1479 393 1520 erant.

200 1557 240 1610 Qui
256 1557 363 1615 virginem
379 1556 496 1609 seduxerat,
517 1571 563 1600 eam
579 1559 721 1625 antenorem
738 1572 809 1602 emere
826 1559 863 1602 aut
878 1560 939 1616 patri,
963 1562 1000 1619 qui
1016 1564 1037 1606 ei

138 1632 206 1676 filiam
221 1631 245 1675 in
260 1629 425 1674 matrimonium
448 1629 497 1673 dare
512 1629 606 1683 nolebat,
628 1632 753 1674 consuetum
771 1645 863 1687 sponsae
879 1632 972 1688 pretinm
988 1638 1001 1679 i,
1018 1650 1038 1679 e..

137 1705 230 1764 triginta
245 1704 309 1748 siclos
325 1703 406 1747 scivere
422 1696 512 1746 deberat
527 1702 575 1764 (ΕΚ
584 1708 618 1756 22,
638 1706 703 1763 15s.).
727 1703 807 1747 Postea
818 1704 888 1748 Moses
903 1721 943 1762 pro
960 1709 1037 1765 stupro

137 1777 299 1838 quinquaginta
318 1776 381 1820 siclos
401 1777 483 1820 solvere
501 1777 567 1829 iussit,
589 1777 607 1820 si
623 1779 684 1834 pater
699 1776 766 1821 filiam
784 1777 809 1832 ei,
832 1777 870 1835 qui
885 1792 932 1822 eam
948 1781 1037 1838 stupra·

137 1854 202 1904 verat,
218 1851 243 1894 in
258 1849 423 1895 matrimonium
439 1849 488 1893 dare
503 1849 590 1893 nolebat
607 1849 645 1910 (Dt
661 1853 696 1902 22,
713 1854 743 1898 28
750 1850 783 1910 s).

198 1937 219 1982 Si
236 1935 284 1995 quis
300 1938 349 1993 post
365 1936 458 1993 primum
474 1949 522 1978 11111
538 1949 604 1979 uxore
620 1936 762 1979 concubitum
783 1950 831 1979 eam
852 1951 865 1978 a
885 1950 907 1978 se
927 1950 973 1979 non
989 1935 1036 1978 vir-

136 2012 209 2071 ginem
225 2011 332 2067 repertam
347 2024 392 2053 esse
407 2008 462 2052 falso
479 2009 618 2062 accusaverat,
634 2011 719 2065 praeter
734 2009 845 2066 publicam
861 2008 1032 2052 verberationem

136 2090 157 2131 et
173 2087 260 2130 eentum
275 2083 378 2128 siclorum
395 2082 486 2125 1111111111
506 2082 538 2126 ius
558 2097 634 2126 exosae
655 2082 752 2126 mulieris
774 2082 846 2140 aliquo
867 2083 979 2140 praetextu
1000 2081 1035 2124 11-4

136 2158 254 2204 mittendae
270 2158 294 2201 in
310 2160 437 2213 perpetuum
454 2155 566 2199 amittebat
582 2155 620 2215 (Dr
636 2160 671 2209 22,
689 2157 795 2215 ra-la).

196 2238 298 2283 Debere
317 2236 351 2279 vel
367 2236 428 2279 asino
449 2236 473 2284 in
489 2235 607 2288 cisternam,
629 2250 694 2293 quam
715 2236 765 2293 quis
782 2237 899 2292 aperuerat,
920 2235 980 2292 lapso
997 2235 1035 2278 ier¹

134 2312 167 2356 Ex
183 2316 219 2364 21,
236 2314 287 2359 33s.
308 2310 395 2353 statuit:
419 2308 519 2353 dominus
540 2308 642 2352 cisternae
663 2308 739 2352 reddat
759 2309 854 2365 pretium
874 2309 1034 2362 iumentorump

113 2380 116 2384 ’
134 2385 192 2445 qrrod
208 2386 281 2429 antem
291 2385 402 2428 mortuum
418 2384 456 2435 est,
471 2381 606 2430 1111111-
622 2382 654 2425 De
665 2381 754 2425 homine
770 2382 795 2425 in
806 2382 920 2426 cisternam
936 2382 1034 2440 apertam.

133 2457 195 2517 tapso
216 2459 250 2503 ier
270 2457 328 2502 nihii
348 2456 405 2510 dicit,
427 2455 506 2514 quippe
528 2470 575 2499 oum
594 2455 660 2499 homo
681 2455 723 2499 sibi
739 2455 852 2512 providere
867 2455 941 2513 possit,
964 2471 992 2499 ne
1006 2456 1035 2498 in.

133 2534 199 2578 tatem
216 2535 330 2577 cisternam
346 2530 436 2583 decidat,
453 2529 534 2577 animai
548 2545 594 2573 non
609 2530 667 2573 item.
720 2552 721 2555 =

195 2614 305 2656 Damnum
320 2611 378 2669 agris
398 2611 432 2654 vei
447 2610 530 2668 pascuis
546 2609 632 2654 alterins
648 2609 735 2653 illatum
755 2609 790 2653 lex
807 2609 839 2652 ΕΚ
855 2614 891 2659 22,
907 2613 944 2656 rs.
961 2623 1033 2652 resae-⁴

133 2686 233 2731 ciendum
248 2684 378 2743 praescribit.

193 2765 252 2809 Haec
267 2779 340 2822 panea,
361 2779 414 2821 quae
430 2762 550 2816 traduntur,
571 2749 708 2806 hauddubie
727 2761 793 2806 variis
810 2761 975 2806 difficultatibus
992 2777 1033 2805 ex-r

133 2840 186 2884 ortis
202 2839 288 2897 regulae
304 2838 373 2881 instar
388 2836 463 2880 haberi
478 2850 562 2880 necesse
578 2838 629 2879 erat.

192 2976 234 3022 IV.
252 2975 275 3030 l)
292 2972 385 3016 Poena
401 2971 530 3023 tationiS,
550 2986 576 3014 ex
597 2987 640 3029 qua
660 2985 706 3014 non
727 2969 793 3013 modo
810 2970 884 3013 anima
905 2969 967 3029 (vita)
989 2985 1028 3026 pro

132 3049 210 3101 anima,
226 3046 339 3091 sedetiam
350 3045 424 3089 ocutus
440 3060 478 3102 pro
490 3045 558 3097 oculo,
575 3043 627 3088 dens
638 3058 677 3101 pro
690 3043 760 3096 dente,
777 3058 815 3100 pes
826 3058 865 3100 pro
876 3042 934 3100 pede,
951 3058 1039 3086 manus.

130 3136 170 3178 pro
186 3135 260 3177 manu,
276 3119 361 3164 adustio
378 3134 416 3176 pro
433 3118 548 3171 adustione,
567 3117 645 3162 vulnus
660 3131 700 3175 pro
717 3116 813 3169 vulnere,
833 3117 890 3160 11111
906 3116 1033 3173 prolicere·

129 3193 257 3238 reddebatur
273 3192 313 3252 (Er
325 3197 359 3246 21,
371 3196 467 3254 23-25.
488 3192 519 3236 Lr
535 3195 573 3245 24,
588 3195 615 3239 19
623 3207 637 3237 s.
660 3190 691 3235 Dt
708 3194 743 3244 19,
760 3190 805 3250 21),
822 3190 905 3235 aMose
920 3205 967 3234 non
982 3193 1032 3233 tam,
