<?xml version="1.0" encoding="UTF-8"?>
<!DOCTYPE html PUBLIC "-//W3C//DTD XHTML 1.0 Transitional//EN"
    "http://www.w3.org/TR/xhtml1/DTD/xhtml1-transitional.dtd">
<html xmlns="http://www.w3.org/1999/xhtml" xml:lang="en" lang="en">
 <head>
  <title>
</title>
<meta http-equiv="Content-Type" content="text/html;charset=utf-8" />
  <meta name='ocr-system' content='tesseract 3.04.00' />
  <meta name='ocr-capabilities' content='ocr_page ocr_carea ocr_par ocr_line ocrx_word'/>
</head>
<body>
  <div class='ocr_page' id='page_1' title='image "./MN42078ucmf_3_0636.png"; bbox 0 0 2165 3388; ppageno 0'>
   <div class='ocr_carea' id='block_1_1' title="bbox 102 113 718 169">
    <p class='ocr_par' dir='ltr' id='par_1_1' title="bbox 102 113 718 169">
     <span class='ocr_line' id='line_1_1' title="bbox 102 113 718 169; baseline 0 -13"><span class='ocrx_word' id='word_1_1' title='bbox 102 124 146 169; x_wconf 72' lang='lat'>602</span> <span class='ocrx_word' id='word_1_2' title='bbox 389 120 434 157; x_wconf 83' lang='lat' dir='ltr'>Pars</span> <span class='ocrx_word' id='word_1_3' title='bbox 448 119 470 156; x_wconf 86' lang='grc'>11.</span> <span class='ocrx_word' id='word_1_4' title='bbox 491 113 619 167; x_wconf 82' lang='lat' dir='ltr'>Antiquitatcs</span> <span class='ocrx_word' id='word_1_5' title='bbox 631 120 718 168; x_wconf 83' lang='lat' dir='ltr'>privatae</span> 
     </span>
    </p>
   </div>
   <div class='ocr_carea' id='block_1_2' title="bbox 101 246 999 670">
    <p class='ocr_par' dir='ltr' id='par_1_2' title="bbox 166 246 744 298">
     <span class='ocr_line' id='line_1_2' title="bbox 166 246 744 298; baseline 0.002 -12"><span class='ocrx_word' id='word_1_6' title='bbox 166 246 211 286; x_wconf 79' lang='lat' dir='ltr'>¹F.</span> <span class='ocrx_word' id='word_1_7' title='bbox 227 248 385 287; x_wconf 89' lang='lat' dir='ltr'>Praetorius</span> <span class='ocrx_word' id='word_1_8' title='bbox 402 247 423 287; x_wconf 89' lang='lat' dir='ltr'>in</span> <span class='ocrx_word' id='word_1_9' title='bbox 440 247 510 287; x_wconf 77' lang='lat' dir='ltr'><strong>ZDMG</strong></span> <span class='ocrx_word' id='word_1_10' title='bbox 525 247 594 297; x_wconf 83' lang='lat' dir='ltr'>LXIII,</span> <span class='ocrx_word' id='word_1_11' title='bbox 614 253 676 298; x_wconf 81' lang='lat'>1909,</span> <span class='ocrx_word' id='word_1_12' title='bbox 695 253 744 289; x_wconf 83' lang='grc'><strong>191.</strong></span> 
     </span>
    </p>

    <p class='ocr_par' dir='ltr' id='par_1_3' title="bbox 165 307 566 361">
     <span class='ocr_line' id='line_1_3' title="bbox 165 307 566 361; baseline -0.002 -13"><span class='ocrx_word' id='word_1_13' title='bbox 165 307 173 334; x_wconf 79' lang='lat'><strong>²</strong></span> <span class='ocrx_word' id='word_1_14' title='bbox 191 308 219 348; x_wconf 80' lang='lat' dir='ltr'>Gt</span> <span class='ocrx_word' id='word_1_15' title='bbox 235 309 259 348; x_wconf 90' lang='lat' dir='ltr'>A.</span> <span class='ocrx_word' id='word_1_16' title='bbox 276 309 294 349; x_wconf 84' lang='lat' dir='ltr'>S.</span> <span class='ocrx_word' id='word_1_17' title='bbox 311 308 404 358; x_wconf 85' lang='lat' dir='ltr'>Zerbe,</span> <span class='ocrx_word' id='word_1_18' title='bbox 419 322 450 361; x_wconf 91' lang='lat' dir='ltr'>op.</span> <span class='ocrx_word' id='word_1_19' title='bbox 467 309 500 349; x_wconf 87' lang='lat' dir='ltr'>cit.</span> <span class='ocrx_word' id='word_1_20' title='bbox 519 314 566 351; x_wconf 80' lang='grc'><strong>136.</strong></span> 
     </span>
    </p>

    <p class='ocr_par' dir='ltr' id='par_1_4' title="bbox 165 368 999 419">
     <span class='ocr_line' id='line_1_4' title="bbox 165 368 999 419; baseline 0.002 -11"><span class='ocrx_word' id='word_1_21' title='bbox 165 368 174 394; x_wconf 81' lang='lat'>³</span> <span class='ocrx_word' id='word_1_22' title='bbox 190 369 268 409; x_wconf 77' lang='lat' dir='ltr'>Ibidem</span> <span class='ocrx_word' id='word_1_23' title='bbox 288 374 353 412; x_wconf 75' lang='grc'><strong>1520.</strong></span> <span class='ocrx_word' id='word_1_24' title='bbox 998 416 999 419; x_wconf 13' lang='lat'>¹</span> 
     </span>
    </p>

    <p class='ocr_par' dir='ltr' id='par_1_5' title="bbox 101 429 999 543">
     <span class='ocr_line' id='line_1_5' title="bbox 163 429 999 480; baseline 0.001 -11"><span class='ocrx_word' id='word_1_25' title='bbox 163 430 214 470; x_wconf 76' lang='lat' dir='ltr'>4H.</span> <span class='ocrx_word' id='word_1_26' title='bbox 238 431 409 480; x_wconf 79' lang='lat' dir='ltr'>Grcssmann,</span> <span class='ocrx_word' id='word_1_27' title='bbox 435 430 614 471; x_wconf 86' lang='lat' dir='ltr'>Altorientaliscte</span> <span class='ocrx_word' id='word_1_28' title='bbox 636 430 695 470; x_wconf 77' lang='lat' dir='ltr'>Teate</span> <span class='ocrx_word' id='word_1_29' title='bbox 717 430 760 469; x_wconf 86' lang='lat' dir='ltr'>und</span> <span class='ocrx_word' id='word_1_30' title='bbox 782 429 853 469; x_wconf 85' lang='lat' dir='ltr'>Bildcr</span> <span class='ocrx_word' id='word_1_31' title='bbox 875 444 921 471; x_wconf 82' lang='lat' dir='ltr'>aum</span> <span class='ocrx_word' id='word_1_32' title='bbox 944 431 999 471; x_wconf 88' lang='lat' dir='ltr'>alten</span> 
     </span>
     <span class='ocr_line' id='line_1_6' title="bbox 101 491 712 543; baseline 0.008 -13"><span class='ocrx_word' id='word_1_33' title='bbox 101 491 218 531; x_wconf 81' lang='lat' dir='ltr'>Testament</span> <span class='ocrx_word' id='word_1_34' title='bbox 234 491 249 543; x_wconf 83' lang='lat' dir='ltr'>I,</span> <span class='ocrx_word' id='word_1_35' title='bbox 267 497 317 533; x_wconf 78' lang='lat'>227.</span> <span class='ocrx_word' id='word_1_36' title='bbox 336 497 385 535; x_wconf 78' lang='lat'><strong>229.</strong></span> <span class='ocrx_word' id='word_1_37' title='bbox 710 494 712 499; x_wconf 73' lang='lat'>&#39;</span> 
     </span>
    </p>

    <p class='ocr_par' dir='ltr' id='par_1_6' title="bbox 164 544 788 602">
     <span class='ocr_line' id='line_1_7' title="bbox 164 544 788 602; baseline -0.002 -10"><span class='ocrx_word' id='word_1_38' title='bbox 164 553 173 578; x_wconf 79' lang='lat'><strong>5</strong></span> <span class='ocrx_word' id='word_1_39' title='bbox 190 552 212 593; x_wconf 81' lang='grc'>11.</span> <span class='ocrx_word' id='word_1_40' title='bbox 228 552 327 601; x_wconf 86' lang='grc' dir='ltr'><strong>Κ11101,</strong></span> <span class='ocrx_word' id='word_1_41' title='bbox 345 544 462 593; x_wconf 77' lang='lat' dir='ltr'>Geschichte</span> <span class='ocrx_word' id='word_1_42' title='bbox 479 553 513 593; x_wconf 86' lang='lat' dir='ltr'>des</span> <span class='ocrx_word' id='word_1_43' title='bbox 528 553 601 593; x_wconf 85' lang='lat' dir='ltr'>Volkes</span> <span class='ocrx_word' id='word_1_44' title='bbox 617 552 679 592; x_wconf 89' lang='lat' dir='ltr'>Israel</span> <span class='ocrx_word' id='word_1_45' title='bbox 694 552 721 602; x_wconf 80' lang='lat'>12,</span> <span class='ocrx_word' id='word_1_46' title='bbox 741 558 788 594; x_wconf 86' lang='lat'>120.</span> 
     </span>
    </p>

    <p class='ocr_par' dir='ltr' id='par_1_7' title="bbox 165 613 776 670">
     <span class='ocr_line' id='line_1_8' title="bbox 165 613 776 670; baseline 0.002 -18"><span class='ocrx_word' id='word_1_47' title='bbox 165 613 173 639; x_wconf 77' lang='lat'>‘⁵</span> <span class='ocrx_word' id='word_1_48' title='bbox 189 614 212 654; x_wconf 83' lang='grc' dir='ltr'>Ε.</span> <span class='ocrx_word' id='word_1_49' title='bbox 229 613 326 664; x_wconf 81' lang='lat' dir='ltr'>Scitin,</span> <span class='ocrx_word' id='word_1_50' title='bbox 343 613 463 670; x_wconf 84' lang='lat' dir='ltr'>Einteitung</span> <span class='ocrx_word' id='word_1_51' title='bbox 479 614 501 653; x_wconf 89' lang='lat' dir='ltr'>in</span> <span class='ocrx_word' id='word_1_52' title='bbox 518 614 552 654; x_wconf 87' lang='lat' dir='ltr'>das</span> <span class='ocrx_word' id='word_1_53' title='bbox 569 614 608 654; x_wconf 86' lang='lat' dir='ltr'>alte</span> <span class='ocrx_word' id='word_1_54' title='bbox 624 613 741 653; x_wconf 67' lang='lat' dir='ltr'>Testamenti</span> <span class='ocrx_word' id='word_1_55' title='bbox 758 618 776 655; x_wconf 85' lang='grc'>8.</span> 
     </span>
    </p>
   </div>
   <div class='ocr_carea' id='block_1_3' title="bbox 100 730 999 1301">
    <p class='ocr_par' dir='ltr' id='par_1_8' title="bbox 100 730 999 1301">
     <span class='ocr_line' id='line_1_9' title="bbox 161 730 998 789; baseline -0.002 -13"><span class='ocrx_word' id='word_1_56' title='bbox 161 732 186 789; x_wconf 74' lang='lat'>2)</span> <span class='ocrx_word' id='word_1_57' title='bbox 203 731 235 774; x_wconf 91' lang='lat' dir='ltr'>De</span> <span class='ocrx_word' id='word_1_58' title='bbox 251 731 327 789; x_wconf 87' lang='lat' dir='ltr'>lingua</span> <span class='ocrx_word' id='word_1_59' title='bbox 348 732 374 775; x_wconf 88' lang='lat' dir='ltr'>ab</span> <span class='ocrx_word' id='word_1_60' title='bbox 390 732 491 778; x_wconf 75' lang='lat' dir='ltr'>Hebraeis</span> <span class='ocrx_word' id='word_1_61' title='bbox 512 731 607 775; x_wconf 89' lang='lat' dir='ltr'>adhibita</span> <span class='ocrx_word' id='word_1_62' title='bbox 626 731 649 774; x_wconf 91' lang='lat' dir='ltr'>id</span> <span class='ocrx_word' id='word_1_63' title='bbox 669 730 775 787; x_wconf 80' lang='lat' dir='ltr'>imprimis</span> <span class='ocrx_word' id='word_1_64' title='bbox 796 730 939 788; x_wconf 87' lang='lat' dir='ltr'>spectandum</span> <span class='ocrx_word' id='word_1_65' title='bbox 959 732 998 785; x_wconf 85' lang='lat' dir='ltr'>est,</span> 
     </span>
     <span class='ocr_line' id='line_1_10' title="bbox 102 803 999 868; baseline 0 -21"><span class='ocrx_word' id='word_1_66' title='bbox 102 804 159 861; x_wconf 85' lang='lat' dir='ltr'>quod</span> <span class='ocrx_word' id='word_1_67' title='bbox 175 804 334 848; x_wconf 88' lang='lat' dir='ltr'>Abrahumidae</span> <span class='ocrx_word' id='word_1_68' title='bbox 355 805 379 848; x_wconf 93' lang='lat' dir='ltr'>in</span> <span class='ocrx_word' id='word_1_69' title='bbox 399 807 478 849; x_wconf 85' lang='lat' dir='ltr'>terram</span> <span class='ocrx_word' id='word_1_70' title='bbox 495 805 579 849; x_wconf 77' lang='lat' dir='ltr'>Oanaan</span> <span class='ocrx_word' id='word_1_71' title='bbox 595 804 743 862; x_wconf 87' lang='lat' dir='ltr'>immigrantes</span> <span class='ocrx_word' id='word_1_72' title='bbox 764 818 810 847; x_wconf 90' lang='lat' dir='ltr'>non</span> <span class='ocrx_word' id='word_1_73' title='bbox 830 803 908 861; x_wconf 77' lang='lat' dir='ltr'>lingua</span> <span class='ocrx_word' id='word_1_74' title='bbox 926 804 999 868; x_wconf 53' lang='grc'>110101-1</span> 
     </span>
     <span class='ocr_line' id='line_1_11' title="bbox 100 877 996 937; baseline 0.001 -17"><span class='ocrx_word' id='word_1_75' title='bbox 100 877 166 929; x_wconf 78' lang='lat' dir='ltr'>ionia,</span> <span class='ocrx_word' id='word_1_76' title='bbox 183 877 220 921; x_wconf 89' lang='lat' dir='ltr'>sed</span> <span class='ocrx_word' id='word_1_77' title='bbox 230 878 324 934; x_wconf 75' lang='lat' dir='ltr'>propria,</span> <span class='ocrx_word' id='word_1_78' title='bbox 341 894 395 935; x_wconf 89' lang='lat' dir='ltr'>quae</span> <span class='ocrx_word' id='word_1_79' title='bbox 409 879 496 937; x_wconf 90' lang='lat' dir='ltr'>linguae</span> <span class='ocrx_word' id='word_1_80' title='bbox 508 877 816 922; x_wconf 82' lang='lat' dir='ltr'>Oananaeorum-Phoenicum</span> <span class='ocrx_word' id='word_1_81' title='bbox 832 877 942 921; x_wconf 88' lang='lat' dir='ltr'>simillima</span> <span class='ocrx_word' id='word_1_82' title='bbox 959 880 996 931; x_wconf 87' lang='lat' dir='ltr'>est,</span> 
     </span>
     <span class='ocr_line' id='line_1_12' title="bbox 101 950 998 1009; baseline 0.001 -16"><span class='ocrx_word' id='word_1_83' title='bbox 101 950 168 994; x_wconf 90' lang='lat' dir='ltr'>locuti</span> <span class='ocrx_word' id='word_1_84' title='bbox 182 950 237 994; x_wconf 74' lang='lat' dir='ltr'>vsunt</span> <span class='ocrx_word' id='word_1_85' title='bbox 248 956 261 998; x_wconf 84' lang='lat'>1,</span> <span class='ocrx_word' id='word_1_86' title='bbox 282 951 357 1008; x_wconf 83' lang='lat' dir='ltr'>Neque</span> <span class='ocrx_word' id='word_1_87' title='bbox 372 967 463 1009; x_wconf 80' lang='lat' dir='ltr'><strong>usquam</strong></span> <span class='ocrx_word' id='word_1_88' title='bbox 474 951 590 1009; x_wconf 82' lang='lat' dir='ltr'>quidquam</span> <span class='ocrx_word' id='word_1_89' title='bbox 606 953 699 1007; x_wconf 87' lang='lat' dir='ltr'>apparet,</span> <span class='ocrx_word' id='word_1_90' title='bbox 716 965 758 1008; x_wconf 91' lang='lat' dir='ltr'>quo</span> <span class='ocrx_word' id='word_1_91' title='bbox 770 951 879 994; x_wconf 87' lang='lat' dir='ltr'>Hebraeos</span> <span class='ocrx_word' id='word_1_92' title='bbox 896 950 998 1008; x_wconf 88' lang='lat' dir='ltr'>antiquos</span> 
     </span>
     <span class='ocr_line' id='line_1_13' title="bbox 101 1024 999 1082; baseline 0 -16"><span class='ocrx_word' id='word_1_93' title='bbox 101 1039 204 1081; x_wconf 88' lang='lat' dir='ltr'>umquam</span> <span class='ocrx_word' id='word_1_94' title='bbox 220 1024 318 1081; x_wconf 85' lang='lat' dir='ltr'>linguam</span> <span class='ocrx_word' id='word_1_95' title='bbox 334 1027 428 1069; x_wconf 88' lang='lat' dir='ltr'>mutasse</span> <span class='ocrx_word' id='word_1_96' title='bbox 444 1025 606 1070; x_wconf 89' lang='lat' dir='ltr'>demonstretur.</span> <span class='ocrx_word' id='word_1_97' title='bbox 627 1025 697 1082; x_wconf 91' lang='lat' dir='ltr'>Atque</span> <span class='ocrx_word' id='word_1_98' title='bbox 712 1039 740 1068; x_wconf 89' lang='lat' dir='ltr'>ne</span> <span class='ocrx_word' id='word_1_99' title='bbox 755 1025 779 1067; x_wconf 92' lang='lat' dir='ltr'>in</span> <span class='ocrx_word' id='word_1_100' title='bbox 794 1024 821 1067; x_wconf 88' lang='lat' dir='ltr'>iis</span> <span class='ocrx_word' id='word_1_101' title='bbox 833 1024 925 1081; x_wconf 88' lang='lat' dir='ltr'>quidem,</span> <span class='ocrx_word' id='word_1_102' title='bbox 943 1038 999 1081; x_wconf 92' lang='lat' dir='ltr'>quae</span> 
     </span>
     <span class='ocr_line' id='line_1_14' title="bbox 100 1096 996 1142; baseline 0 -2"><span class='ocrx_word' id='word_1_103' title='bbox 100 1096 124 1140; x_wconf 91' lang='lat' dir='ltr'>in</span> <span class='ocrx_word' id='word_1_104' title='bbox 140 1097 202 1141; x_wconf 87' lang='lat' dir='ltr'>libris</span> <span class='ocrx_word' id='word_1_105' title='bbox 218 1098 283 1141; x_wconf 87' lang='lat' dir='ltr'>sacris</span> <span class='ocrx_word' id='word_1_106' title='bbox 305 1098 330 1142; x_wconf 92' lang='lat' dir='ltr'>de</span> <span class='ocrx_word' id='word_1_107' title='bbox 346 1098 473 1142; x_wconf 88' lang='lat' dir='ltr'>commercio</span> <span class='ocrx_word' id='word_1_108' title='bbox 490 1098 635 1142; x_wconf 75' lang='lat' dir='ltr'>Hebraeorum</span> <span class='ocrx_word' id='word_1_109' title='bbox 655 1099 676 1140; x_wconf 88' lang='lat' dir='ltr'>et</span> <span class='ocrx_word' id='word_1_110' title='bbox 697 1096 861 1141; x_wconf 79' lang='lat' dir='ltr'>Oananaeorum</span> <span class='ocrx_word' id='word_1_111' title='bbox 881 1096 996 1140; x_wconf 85' lang='lat' dir='ltr'>memoriae</span> 
     </span>
     <span class='ocr_line' id='line_1_15' title="bbox 101 1169 998 1228; baseline -0.002 -14"><span class='ocrx_word' id='word_1_112' title='bbox 101 1171 223 1224; x_wconf 86' lang='lat' dir='ltr'>traduntur,</span> <span class='ocrx_word' id='word_1_113' title='bbox 245 1171 315 1215; x_wconf 87' lang='lat' dir='ltr'>ullum</span> <span class='ocrx_word' id='word_1_114' title='bbox 335 1172 451 1228; x_wconf 83' lang='lat' dir='ltr'>uestigium</span> <span class='ocrx_word' id='word_1_115' title='bbox 473 1171 582 1226; x_wconf 80' lang='lat' dir='ltr'>reperitur,</span> <span class='ocrx_word' id='word_1_116' title='bbox 604 1171 661 1214; x_wconf 89' lang='lat' dir='ltr'>unde</span> <span class='ocrx_word' id='word_1_117' title='bbox 678 1185 713 1214; x_wconf 89' lang='lat' dir='ltr'>eos</span> <span class='ocrx_word' id='word_1_118' title='bbox 730 1170 856 1227; x_wconf 85' lang='lat' dir='ltr'>interpretis</span> <span class='ocrx_word' id='word_1_119' title='bbox 877 1169 998 1227; x_wconf 78' lang='lat' dir='ltr'>indiguisse</span> 
     </span>
     <span class='ocr_line' id='line_1_16' title="bbox 102 1247 208 1301; baseline 0 -14"><span class='ocrx_word' id='word_1_120' title='bbox 102 1247 208 1301; x_wconf 87' lang='lat' dir='ltr'>appareat.</span> 
     </span>
    </p>
   </div>
   <div class='ocr_carea' id='block_1_4' title="bbox 87 1327 1040 2706">
    <p class='ocr_par' dir='ltr' id='par_1_9' title="bbox 87 1327 1040 2706">
     <span class='ocr_line' id='line_1_17' title="bbox 162 1327 998 1388; baseline -0.005 -15"><span class='ocrx_word' id='word_1_121' title='bbox 162 1330 272 1388; x_wconf 79' lang='lat' dir='ltr'>Linguam</span> <span class='ocrx_word' id='word_1_122' title='bbox 288 1331 361 1372; x_wconf 90' lang='lat' dir='ltr'>autem</span> <span class='ocrx_word' id='word_1_123' title='bbox 377 1328 502 1373; x_wconf 86' lang='lat' dir='ltr'>Hebraicam</span> <span class='ocrx_word' id='word_1_124' title='bbox 518 1344 530 1372; x_wconf 90' lang='lat' dir='ltr'>a</span> <span class='ocrx_word' id='word_1_125' title='bbox 546 1327 765 1385; x_wconf 82' lang='lat' dir='ltr'>Babylonia-Assyria</span> <span class='ocrx_word' id='word_1_126' title='bbox 781 1328 889 1372; x_wconf 81' lang='lat' dir='ltr'>diversam</span> <span class='ocrx_word' id='word_1_127' title='bbox 911 1342 955 1370; x_wconf 91' lang='lat' dir='ltr'>esse</span> <span class='ocrx_word' id='word_1_128' title='bbox 972 1342 998 1370; x_wconf 82' lang='lat' dir='ltr'>ex</span> 
     </span>
     <span class='ocr_line' id='line_1_18' title="bbox 101 1401 997 1460; baseline 0.001 -15"><span class='ocrx_word' id='word_1_129' title='bbox 101 1401 137 1446; x_wconf 82' lang='lat' dir='ltr'>Jes</span> <span class='ocrx_word' id='word_1_130' title='bbox 154 1407 188 1455; x_wconf 75' lang='lat'>28,</span> <span class='ocrx_word' id='word_1_131' title='bbox 206 1407 234 1450; x_wconf 91' lang='grc'>11</span> <span class='ocrx_word' id='word_1_132' title='bbox 252 1403 409 1460; x_wconf 77' lang='lat' dir='ltr'>cognoscimus,</span> <span class='ocrx_word' id='word_1_133' title='bbox 425 1403 462 1445; x_wconf 90' lang='lat' dir='ltr'>ubi</span> <span class='ocrx_word' id='word_1_134' title='bbox 477 1402 581 1460; x_wconf 87' lang='lat' dir='ltr'>propheta</span> <span class='ocrx_word' id='word_1_135' title='bbox 596 1403 668 1446; x_wconf 85' lang='lat' dir='ltr'>hostes</span> <span class='ocrx_word' id='word_1_136' title='bbox 681 1402 779 1459; x_wconf 84' lang='lat' dir='ltr'>Assyrios</span> <span class='ocrx_word' id='word_1_137' title='bbox 795 1403 820 1445; x_wconf 92' lang='lat' dir='ltr'>in</span> <span class='ocrx_word' id='word_1_138' title='bbox 835 1417 928 1460; x_wconf 89' lang='lat' dir='ltr'>regnum</span> <span class='ocrx_word' id='word_1_139' title='bbox 939 1402 997 1446; x_wconf 61' lang='lat' dir='ltr'>(luda</span> 
     </span>
     <span class='ocr_line' id='line_1_19' title="bbox 100 1467 1000 1533; baseline -0.002 -14"><span class='ocrx_word' id='word_1_140' title='bbox 100 1476 243 1533; x_wconf 74' lang='lat' dir='ltr'>irruptionem</span> <span class='ocrx_word' id='word_1_141' title='bbox 259 1476 355 1520; x_wconf 84' lang='lat' dir='ltr'>facturos</span> <span class='ocrx_word' id='word_1_142' title='bbox 371 1475 414 1526; x_wconf 59' lang='grc'><strong>11311</strong></span> <span class='ocrx_word' id='word_1_143' title='bbox 431 1467 472 1525; x_wconf 70' lang='lat' dir='ltr'>nub</span> <span class='ocrx_word' id='word_1_144' title='bbox 489 1476 621 1520; x_wconf 71' lang='lat' dir='ltr'>balbutientes</span> <span class='ocrx_word' id='word_1_145' title='bbox 636 1477 697 1520; x_wconf 80' lang='lat' dir='ltr'>latiis</span> <span class='ocrx_word' id='word_1_146' title='bbox 712 1476 725 1520; x_wconf 81' lang='lat' dir='ltr'>i,</span> <span class='ocrx_word' id='word_1_147' title='bbox 742 1492 758 1519; x_wconf 88' lang='lat' dir='ltr'>e.</span> <span class='ocrx_word' id='word_1_148' title='bbox 774 1476 866 1519; x_wconf 85' lang='lat' dir='ltr'>barbare</span> <span class='ocrx_word' id='word_1_149' title='bbox 881 1475 1000 1531; x_wconf 86' lang='lat' dir='ltr'>loquentes</span> 
     </span>
     <span class='ocr_line' id='line_1_20' title="bbox 100 1549 999 1608; baseline -0.001 -16"><span class='ocrx_word' id='word_1_150' title='bbox 100 1553 167 1602; x_wconf 80' lang='lat' dir='ltr'>vocat,</span> <span class='ocrx_word' id='word_1_151' title='bbox 178 1549 230 1607; x_wconf 87' lang='lat' dir='ltr'>quia</span> <span class='ocrx_word' id='word_1_152' title='bbox 240 1550 261 1601; x_wconf 90' lang='lat' dir='ltr'>ii,</span> <span class='ocrx_word' id='word_1_153' title='bbox 272 1550 309 1607; x_wconf 93' lang='lat' dir='ltr'>qui</span> <span class='ocrx_word' id='word_1_154' title='bbox 319 1549 514 1608; x_wconf 77' lang='lat' dir='ltr'>peregrinatingut</span> <span class='ocrx_word' id='word_1_155' title='bbox 524 1550 649 1607; x_wconf 86' lang='lat' dir='ltr'>loquuntur,</span> <span class='ocrx_word' id='word_1_156' title='bbox 658 1549 782 1592; x_wconf 88' lang='lat' dir='ltr'>hominibus</span> <span class='ocrx_word' id='word_1_157' title='bbox 790 1564 838 1592; x_wconf 90' lang='lat' dir='ltr'>eam</span> <span class='ocrx_word' id='word_1_158' title='bbox 843 1549 999 1607; x_wconf 87' lang='lat' dir='ltr'>ignorantibus</span> 
     </span>
     <span class='ocr_line' id='line_1_21' title="bbox 100 1621 996 1681; baseline -0.002 -15"><span class='ocrx_word' id='word_1_159' title='bbox 100 1622 209 1667; x_wconf 80' lang='lat' dir='ltr'>balbutire</span> <span class='ocrx_word' id='word_1_160' title='bbox 225 1623 332 1668; x_wconf 84' lang='lat' dir='ltr'>uidentur.</span> <span class='ocrx_word' id='word_1_161' title='bbox 359 1623 454 1681; x_wconf 83' lang='lat' dir='ltr'>Apparet</span> <span class='ocrx_word' id='word_1_162' title='bbox 469 1622 535 1680; x_wconf 85' lang='lat' dir='ltr'>igitur</span> <span class='ocrx_word' id='word_1_163' title='bbox 550 1624 649 1681; x_wconf 85' lang='lat' dir='ltr'>linguam</span> <span class='ocrx_word' id='word_1_164' title='bbox 665 1623 781 1677; x_wconf 74' lang='lat' dir='ltr'>Assyriam,</span> <span class='ocrx_word' id='word_1_165' title='bbox 803 1622 903 1680; x_wconf 85' lang='lat' dir='ltr'>quamvis</span> <span class='ocrx_word' id='word_1_166' title='bbox 919 1621 946 1665; x_wconf 90' lang='lat' dir='ltr'>ad</span> <span class='ocrx_word' id='word_1_167' title='bbox 963 1622 996 1664; x_wconf 86' lang='lat' dir='ltr'>t&#39;a-</span> 
     </span>
     <span class='ocr_line' id='line_1_22' title="bbox 87 1693 998 1753; baseline -0.002 -14"><span class='ocrx_word' id='word_1_168' title='bbox 87 1693 184 1739; x_wconf 50' lang='lat' dir='ltr'>¹miliam</span> <span class='ocrx_word' id='word_1_169' title='bbox 200 1695 323 1740; x_wconf 81' lang='lat' dir='ltr'>Seruiticam</span> <span class='ocrx_word' id='word_1_170' title='bbox 339 1697 445 1753; x_wconf 82' lang='lat' dir='ltr'>pertineat</span> <span class='ocrx_word' id='word_1_171' title='bbox 460 1699 480 1740; x_wconf 92' lang='lat' dir='ltr'>et</span> <span class='ocrx_word' id='word_1_172' title='bbox 496 1696 564 1740; x_wconf 89' lang='lat' dir='ltr'>multa</span> <span class='ocrx_word' id='word_1_173' title='bbox 580 1697 644 1739; x_wconf 84' lang='lat' dir='ltr'>verba</span> <span class='ocrx_word' id='word_1_174' title='bbox 660 1711 707 1739; x_wconf 81' lang='lat' dir='ltr'>crim</span> <span class='ocrx_word' id='word_1_175' title='bbox 723 1696 800 1753; x_wconf 86' lang='lat' dir='ltr'>lingua</span> <span class='ocrx_word' id='word_1_176' title='bbox 816 1695 921 1739; x_wconf 87' lang='lat' dir='ltr'>Hebraica</span> <span class='ocrx_word' id='word_1_177' title='bbox 937 1709 998 1737; x_wconf 91' lang='lat' dir='ltr'>com-</span> 
     </span>
     <span class='ocr_line' id='line_1_23' title="bbox 100 1768 995 1825; baseline -0.001 -13"><span class='ocrx_word' id='word_1_178' title='bbox 100 1769 175 1813; x_wconf 86' lang='lat' dir='ltr'>munia</span> <span class='ocrx_word' id='word_1_179' title='bbox 191 1769 277 1822; x_wconf 79' lang='lat' dir='ltr'>lrabeat,</span> <span class='ocrx_word' id='word_1_180' title='bbox 298 1773 371 1813; x_wconf 89' lang='lat' dir='ltr'>tamen</span> <span class='ocrx_word' id='word_1_181' title='bbox 391 1770 418 1813; x_wconf 87' lang='lat' dir='ltr'>ab</span> <span class='ocrx_word' id='word_1_182' title='bbox 434 1769 535 1813; x_wconf 88' lang='lat' dir='ltr'>Hebraeis</span> <span class='ocrx_word' id='word_1_183' title='bbox 555 1769 687 1825; x_wconf 87' lang='lat' dir='ltr'>temporibus</span> <span class='ocrx_word' id='word_1_184' title='bbox 703 1769 820 1825; x_wconf 85' lang='lat' dir='ltr'>prophetae</span> <span class='ocrx_word' id='word_1_185' title='bbox 837 1768 909 1812; x_wconf 86' lang='lat' dir='ltr'>Jesaia</span> <span class='ocrx_word' id='word_1_186' title='bbox 930 1768 995 1811; x_wconf 86' lang='lat' dir='ltr'>intel-</span> 
     </span>
     <span class='ocr_line' id='line_1_24' title="bbox 100 1841 997 1900; baseline -0.001 -15"><span class='ocrx_word' id='word_1_187' title='bbox 100 1842 177 1886; x_wconf 88' lang='lat' dir='ltr'>lectam</span> <span class='ocrx_word' id='word_1_188' title='bbox 198 1858 245 1886; x_wconf 92' lang='lat' dir='ltr'>non</span> <span class='ocrx_word' id='word_1_189' title='bbox 266 1858 317 1886; x_wconf 90' lang='lat' dir='ltr'>esse.</span> <span class='ocrx_word' id='word_1_190' title='bbox 344 1842 372 1886; x_wconf 78' lang='lat' dir='ltr'>Et</span> <span class='ocrx_word' id='word_1_191' title='bbox 393 1842 451 1900; x_wconf 92' lang='lat' dir='ltr'>quod</span> <span class='ocrx_word' id='word_1_192' title='bbox 473 1842 528 1885; x_wconf 86' lang='lat' dir='ltr'>idem</span> <span class='ocrx_word' id='word_1_193' title='bbox 551 1842 657 1899; x_wconf 89' lang='lat' dir='ltr'>propheta</span> <span class='ocrx_word' id='word_1_194' title='bbox 679 1846 714 1895; x_wconf 93' lang='lat'>33,</span> <span class='ocrx_word' id='word_1_195' title='bbox 738 1846 766 1889; x_wconf 76' lang='grc'>111</span> <span class='ocrx_word' id='word_1_196' title='bbox 789 1841 879 1885; x_wconf 83' lang='lat' dir='ltr'>Judaeis</span> <span class='ocrx_word' id='word_1_197' title='bbox 899 1842 997 1884; x_wconf 89' lang='lat' dir='ltr'>minatur</span> 
     </span>
     <span class='ocr_line' id='line_1_25' title="bbox 100 1914 1040 1972; baseline -0.001 -14"><span class='ocrx_word' id='word_1_198' title='bbox 100 1915 200 1971; x_wconf 82' lang='lat' dir='ltr'>Assyrios</span> <span class='ocrx_word' id='word_1_199' title='bbox 216 1915 370 1959; x_wconf 81' lang='lat' dir='ltr'>adventaturos</span> <span class='ocrx_word' id='word_1_200' title='bbox 383 1916 497 1972; x_wconf 84' lang='lat' dir='ltr'>hostesque</span> <span class='ocrx_word' id='word_1_201' title='bbox 513 1916 543 1959; x_wconf 91' lang='lat' dir='ltr'>ita</span> <span class='ocrx_word' id='word_1_202' title='bbox 554 1914 657 1966; x_wconf 82' lang='lat' dir='ltr'>describit,</span> <span class='ocrx_word' id='word_1_203' title='bbox 673 1917 698 1958; x_wconf 92' lang='lat' dir='ltr'>ut</span> <span class='ocrx_word' id='word_1_204' title='bbox 714 1915 758 1958; x_wconf 92' lang='lat' dir='ltr'>sint</span> <span class='ocrx_word' id='word_1_205' title='bbox 777 1915 884 1971; x_wconf 86' lang='lat' dir='ltr'>,populus</span> <span class='ocrx_word' id='word_1_206' title='bbox 895 1914 997 1972; x_wconf 82' lang='lat' dir='ltr'>profundi</span> <span class='ocrx_word' id='word_1_207' title='bbox 1038 1919 1040 1924; x_wconf 65' lang='lat'>‘</span> 
     </span>
     <span class='ocr_line' id='line_1_26' title="bbox 100 1988 999 2048; baseline 0 -18"><span class='ocrx_word' id='word_1_208' title='bbox 100 1988 152 2032; x_wconf 87' lang='lat' dir='ltr'>labii</span> <span class='ocrx_word' id='word_1_209' title='bbox 168 1988 194 2032; x_wconf 89' lang='lat' dir='ltr'>ab</span> <span class='ocrx_word' id='word_1_210' title='bbox 211 1988 331 2032; x_wconf 79' lang='lat' dir='ltr'>audiendo“</span> <span class='ocrx_word' id='word_1_211' title='bbox 351 1989 372 2048; x_wconf 83' lang='lat' dir='ltr'>(i.</span> <span class='ocrx_word' id='word_1_212' title='bbox 383 2004 400 2034; x_wconf 59' lang='lat' dir='ltr'>e,</span> <span class='ocrx_word' id='word_1_213' title='bbox 411 1989 501 2032; x_wconf 79' lang='lat' dir='ltr'>barbara</span> <span class='ocrx_word' id='word_1_214' title='bbox 517 1989 592 2045; x_wconf 81' lang='lat' dir='ltr'>lingua</span> <span class='ocrx_word' id='word_1_215' title='bbox 607 1991 675 2043; x_wconf 84' lang='lat' dir='ltr'>utens,</span> <span class='ocrx_word' id='word_1_216' title='bbox 692 2003 745 2045; x_wconf 89' lang='lat' dir='ltr'>quae</span> <span class='ocrx_word' id='word_1_217' title='bbox 756 1988 869 2034; x_wconf 87' lang='lat' dir='ltr'>obscurior</span> <span class='ocrx_word' id='word_1_218' title='bbox 886 1989 917 2031; x_wconf 88' lang='lat' dir='ltr'>est</span> <span class='ocrx_word' id='word_1_219' title='bbox 933 2002 999 2045; x_wconf 88' lang='lat' dir='ltr'>quam</span> 
     </span>
     <span class='ocr_line' id='line_1_27' title="bbox 99 2060 997 2120; baseline 0.001 -17"><span class='ocrx_word' id='word_1_220' title='bbox 99 2063 124 2104; x_wconf 91' lang='lat' dir='ltr'>ut</span> <span class='ocrx_word' id='word_1_221' title='bbox 144 2060 300 2120; x_wconf 82' lang='lat' dir='ltr'>intellegatur),</span> <span class='ocrx_word' id='word_1_222' title='bbox 325 2061 429 2118; x_wconf 89' lang='lat' dir='ltr'>,populus</span> <span class='ocrx_word' id='word_1_223' title='bbox 449 2061 537 2119; x_wconf 88' lang='lat' dir='ltr'>linguae</span> <span class='ocrx_word' id='word_1_224' title='bbox 556 2060 686 2118; x_wconf 76' lang='lat' dir='ltr'>peregrinae,</span> <span class='ocrx_word' id='word_1_225' title='bbox 709 2076 773 2118; x_wconf 89' lang='lat' dir='ltr'>quam</span> <span class='ocrx_word' id='word_1_226' title='bbox 796 2075 843 2104; x_wconf 90' lang='lat' dir='ltr'>non</span> <span class='ocrx_word' id='word_1_227' title='bbox 865 2061 997 2119; x_wconf 46' lang='lat' dir='ltr'>intellegis&amp;</span> 
     </span>
     <span class='ocr_line' id='line_1_28' title="bbox 100 2132 998 2191; baseline -0.001 -14"><span class='ocrx_word' id='word_1_228' title='bbox 100 2136 186 2177; x_wconf 88' lang='lat' dir='ltr'>constat</span> <span class='ocrx_word' id='word_1_229' title='bbox 202 2133 300 2191; x_wconf 85' lang='lat' dir='ltr'>linguam</span> <span class='ocrx_word' id='word_1_230' title='bbox 311 2134 427 2189; x_wconf 86' lang='lat' dir='ltr'>Assyriam,</span> <span class='ocrx_word' id='word_1_231' title='bbox 443 2134 540 2191; x_wconf 87' lang='lat' dir='ltr'>quamvis</span> <span class='ocrx_word' id='word_1_232' title='bbox 550 2134 643 2191; x_wconf 91' lang='lat' dir='ltr'>quodam</span> <span class='ocrx_word' id='word_1_233' title='bbox 661 2132 725 2177; x_wconf 90' lang='lat' dir='ltr'>modo</span> <span class='ocrx_word' id='word_1_234' title='bbox 737 2133 855 2177; x_wconf 88' lang='lat' dir='ltr'>Hebraicae</span> <span class='ocrx_word' id='word_1_235' title='bbox 871 2134 948 2177; x_wconf 83' lang='lat' dir='ltr'>similis</span> <span class='ocrx_word' id='word_1_236' title='bbox 963 2134 998 2187; x_wconf 87' lang='lat' dir='ltr'>sit,</span> 
     </span>
     <span class='ocr_line' id='line_1_29' title="bbox 100 2200 996 2266; baseline 0 -16"><span class='ocrx_word' id='word_1_237' title='bbox 100 2211 174 2250; x_wconf 89' lang='lat' dir='ltr'>tamen</span> <span class='ocrx_word' id='word_1_238' title='bbox 190 2209 253 2250; x_wconf 88' lang='lat' dir='ltr'>tanto</span> <span class='ocrx_word' id='word_1_239' title='bbox 270 2206 392 2250; x_wconf 85' lang='lat' dir='ltr'>discrimine</span> <span class='ocrx_word' id='word_1_240' title='bbox 408 2208 435 2251; x_wconf 90' lang='lat' dir='ltr'>ab</span> <span class='ocrx_word' id='word_1_241' title='bbox 451 2223 475 2250; x_wconf 90' lang='lat' dir='ltr'>ea</span> <span class='ocrx_word' id='word_1_242' title='bbox 491 2207 579 2260; x_wconf 82' lang='lat' dir='ltr'>differre,</span> <span class='ocrx_word' id='word_1_243' title='bbox 595 2208 620 2251; x_wconf 91' lang='lat' dir='ltr'>ut</span> <span class='ocrx_word' id='word_1_244' title='bbox 635 2205 722 2250; x_wconf 84' lang='lat' dir='ltr'>Judaeis</span> <span class='ocrx_word' id='word_1_245' title='bbox 737 2200 814 2264; x_wconf 84' lang='lat' dir='ltr'>lingna</span> <span class='ocrx_word' id='word_1_246' title='bbox 830 2207 945 2266; x_wconf 85' lang='lat' dir='ltr'>peregrina</span> <span class='ocrx_word' id='word_1_247' title='bbox 960 2207 996 2250; x_wconf 79' lang='lat' dir='ltr'>fu-</span> 
     </span>
     <span class='ocr_line' id='line_1_30' title="bbox 101 2279 996 2342; baseline 0.002 -20"><span class='ocrx_word' id='word_1_248' title='bbox 101 2280 148 2327; x_wconf 85' lang='lat' dir='ltr'>erit¹</span> <span class='ocrx_word' id='word_1_249' title='bbox 175 2279 237 2323; x_wconf 87' lang='lat' dir='ltr'>Idem</span> <span class='ocrx_word' id='word_1_250' title='bbox 259 2294 286 2323; x_wconf 81' lang='lat' dir='ltr'>ex</span> <span class='ocrx_word' id='word_1_251' title='bbox 307 2279 344 2324; x_wconf 83' lang='lat' dir='ltr'>Jcs</span> <span class='ocrx_word' id='word_1_252' title='bbox 366 2285 401 2332; x_wconf 81' lang='lat'>36,</span> <span class='ocrx_word' id='word_1_253' title='bbox 424 2286 449 2328; x_wconf 90' lang='grc'>11</span> <span class='ocrx_word' id='word_1_254' title='bbox 473 2282 510 2342; x_wconf 86' lang='lat'>(=</span> <span class='ocrx_word' id='word_1_255' title='bbox 526 2280 548 2324; x_wconf 85' lang='grc'>11</span> <span class='ocrx_word' id='word_1_256' title='bbox 564 2280 598 2338; x_wconf 67' lang='lat' dir='ltr'>Peg</span> <span class='ocrx_word' id='word_1_257' title='bbox 615 2285 648 2332; x_wconf 80' lang='lat'>18,</span> <span class='ocrx_word' id='word_1_258' title='bbox 665 2281 703 2340; x_wconf 77' lang='grc'>26)</span> <span class='ocrx_word' id='word_1_259' title='bbox 727 2279 875 2338; x_wconf 86' lang='lat' dir='ltr'>colligendum</span> <span class='ocrx_word' id='word_1_260' title='bbox 897 2284 935 2334; x_wconf 92' lang='lat' dir='ltr'>est,</span> <span class='ocrx_word' id='word_1_261' title='bbox 958 2280 996 2324; x_wconf 87' lang='lat' dir='ltr'>ubi</span> 
     </span>
     <span class='ocr_line' id='line_1_31' title="bbox 100 2353 998 2411; baseline 0.001 -15"><span class='ocrx_word' id='word_1_262' title='bbox 100 2353 216 2397; x_wconf 87' lang='lat' dir='ltr'>memoriae</span> <span class='ocrx_word' id='word_1_263' title='bbox 232 2354 332 2409; x_wconf 89' lang='lat' dir='ltr'>proditur</span> <span class='ocrx_word' id='word_1_264' title='bbox 348 2354 423 2397; x_wconf 78' lang='lat' dir='ltr'>Histia</span> <span class='ocrx_word' id='word_1_265' title='bbox 438 2357 542 2411; x_wconf 88' lang='lat' dir='ltr'>regnante</span> <span class='ocrx_word' id='word_1_266' title='bbox 557 2354 640 2411; x_wconf 86' lang='lat' dir='ltr'>legatos</span> <span class='ocrx_word' id='word_1_267' title='bbox 655 2353 787 2397; x_wconf 58' lang='lat' dir='ltr'>,Iudaeorum</span> <span class='ocrx_word' id='word_1_268' title='bbox 803 2371 816 2398; x_wconf 91' lang='lat' dir='ltr'>a</span> <span class='ocrx_word' id='word_1_269' title='bbox 832 2354 928 2397; x_wconf 85' lang='lat' dir='ltr'>Rabsace</span> <span class='ocrx_word' id='word_1_270' title='bbox 945 2359 998 2397; x_wconf 89' lang='lat' dir='ltr'>duce</span> 
     </span>
     <span class='ocr_line' id='line_1_32' title="bbox 99 2427 996 2486; baseline 0.004 -17"><span class='ocrx_word' id='word_1_271' title='bbox 99 2427 205 2483; x_wconf 80' lang='lat' dir='ltr'>petivisse,</span> <span class='ocrx_word' id='word_1_272' title='bbox 228 2441 256 2470; x_wconf 91' lang='lat' dir='ltr'>ne</span> <span class='ocrx_word' id='word_1_273' title='bbox 272 2427 383 2479; x_wconf 87' lang='lat' dir='ltr'>Hebraice,</span> <span class='ocrx_word' id='word_1_274' title='bbox 405 2427 441 2470; x_wconf 90' lang='lat' dir='ltr'>sed</span> <span class='ocrx_word' id='word_1_275' title='bbox 456 2427 567 2471; x_wconf 90' lang='lat' dir='ltr'>Aramaice</span> <span class='ocrx_word' id='word_1_276' title='bbox 589 2442 659 2471; x_wconf 87' lang='lat' dir='ltr'>secum</span> <span class='ocrx_word' id='word_1_277' title='bbox 681 2428 809 2486; x_wconf 89' lang='lat' dir='ltr'>loqueretur,</span> <span class='ocrx_word' id='word_1_278' title='bbox 832 2444 860 2472; x_wconf 91' lang='lat' dir='ltr'>ne</span> <span class='ocrx_word' id='word_1_279' title='bbox 881 2445 893 2472; x_wconf 87' lang='lat' dir='ltr'>a</span> <span class='ocrx_word' id='word_1_280' title='bbox 913 2429 996 2486; x_wconf 85' lang='lat' dir='ltr'>populo</span> 
     </span>
     <span class='ocr_line' id='line_1_33' title="bbox 99 2500 996 2559; baseline 0.002 -15"><span class='ocrx_word' id='word_1_281' title='bbox 99 2500 191 2544; x_wconf 83' lang='lat' dir='ltr'>Judaico</span> <span class='ocrx_word' id='word_1_282' title='bbox 208 2500 377 2559; x_wconf 83' lang='lat' dir='ltr'>intellegeretur.</span> <span class='ocrx_word' id='word_1_283' title='bbox 404 2500 426 2544; x_wconf 84' lang='lat' dir='ltr'>Si</span> <span class='ocrx_word' id='word_1_284' title='bbox 441 2500 508 2557; x_wconf 82' lang='lat' dir='ltr'>igitur</span> <span class='ocrx_word' id='word_1_285' title='bbox 523 2501 599 2545; x_wconf 81' lang='lat' dir='ltr'>Judaci</span> <span class='ocrx_word' id='word_1_286' title='bbox 620 2501 718 2558; x_wconf 88' lang='lat' dir='ltr'>linguam</span> <span class='ocrx_word' id='word_1_287' title='bbox 734 2502 872 2546; x_wconf 89' lang='lat' dir='ltr'>Aramaicam</span> <span class='ocrx_word' id='word_1_288' title='bbox 892 2518 939 2546; x_wconf 91' lang='lat' dir='ltr'>non</span> <span class='ocrx_word' id='word_1_289' title='bbox 959 2503 996 2546; x_wconf 89' lang='lat' dir='ltr'>in-</span> 
     </span>
     <span class='ocr_line' id='line_1_34' title="bbox 99 2573 996 2632; baseline 0.003 -16"><span class='ocrx_word' id='word_1_290' title='bbox 99 2574 238 2631; x_wconf 85' lang='lat' dir='ltr'>tellegebant,</span> <span class='ocrx_word' id='word_1_291' title='bbox 254 2574 325 2617; x_wconf 92' lang='lat' dir='ltr'>multo</span> <span class='ocrx_word' id='word_1_292' title='bbox 341 2573 538 2630; x_wconf 83' lang='lat' dir='ltr'>minusAssyriam.</span> <span class='ocrx_word' id='word_1_293' title='bbox 558 2573 612 2618; x_wconf 81' lang='lat' dir='ltr'>Sunt</span> <span class='ocrx_word' id='word_1_294' title='bbox 628 2573 714 2632; x_wconf 87' lang='lat' dir='ltr'>quidem</span> <span class='ocrx_word' id='word_1_295' title='bbox 730 2575 768 2632; x_wconf 90' lang='lat' dir='ltr'>qui</span> <span class='ocrx_word' id='word_1_296' title='bbox 779 2574 880 2628; x_wconf 85' lang='lat' dir='ltr'>dixerint,</span> <span class='ocrx_word' id='word_1_297' title='bbox 897 2576 937 2620; x_wconf 89' lang='lat' dir='ltr'>etsi</span> <span class='ocrx_word' id='word_1_298' title='bbox 947 2577 996 2619; x_wconf 85' lang='lat' dir='ltr'>loco</span> 
     </span>
     <span class='ocr_line' id='line_1_35' title="bbox 100 2646 996 2706; baseline 0.003 -16"><span class='ocrx_word' id='word_1_299' title='bbox 100 2646 164 2691; x_wconf 86' lang='lat' dir='ltr'>allato</span> <span class='ocrx_word' id='word_1_300' title='bbox 181 2646 270 2705; x_wconf 89' lang='lat' dir='ltr'>linguae</span> <span class='ocrx_word' id='word_1_301' title='bbox 287 2646 411 2690; x_wconf 89' lang='lat' dir='ltr'>Aramaicae</span> <span class='ocrx_word' id='word_1_302' title='bbox 427 2650 505 2690; x_wconf 89' lang='lat' dir='ltr'>mentio</span> <span class='ocrx_word' id='word_1_303' title='bbox 522 2647 586 2699; x_wconf 87' lang='lat' dir='ltr'>fieret,</span> <span class='ocrx_word' id='word_1_304' title='bbox 602 2650 675 2690; x_wconf 86' lang='lat' dir='ltr'>tamen</span> <span class='ocrx_word' id='word_1_305' title='bbox 691 2647 802 2704; x_wconf 82' lang='lat' dir='ltr'>Assyriam</span> <span class='ocrx_word' id='word_1_306' title='bbox 818 2663 905 2706; x_wconf 88' lang='lat' dir='ltr'>quoque</span> <span class='ocrx_word' id='word_1_307' title='bbox 921 2649 996 2693; x_wconf 85' lang='lat' dir='ltr'>eodem</span> 
     </span>
    </p>
   </div>
   <div class='ocr_carea' id='block_1_5' title="bbox 98 2713 998 3221">
    <p class='ocr_par' dir='ltr' id='par_1_10' title="bbox 98 2713 998 3221">
     <span class='ocr_line' id='line_1_36' title="bbox 99 2713 997 2778; baseline 0.003 -15"><span class='ocrx_word' id='word_1_308' title='bbox 99 2720 204 2764; x_wconf 79' lang='lat' dir='ltr'>vocabulo</span> <span class='ocrx_word' id='word_1_309' title='bbox 221 2720 319 2778; x_wconf 88' lang='lat' dir='ltr'>intellegi</span> <span class='ocrx_word' id='word_1_310' title='bbox 334 2734 401 2776; x_wconf 88' lang='lat' dir='ltr'>posse,</span> <span class='ocrx_word' id='word_1_311' title='bbox 419 2718 476 2777; x_wconf 89' lang='lat' dir='ltr'>quod</span> <span class='ocrx_word' id='word_1_312' title='bbox 491 2720 554 2763; x_wconf 87' lang='lat' dir='ltr'>multi</span> <span class='ocrx_word' id='word_1_313' title='bbox 564 2713 663 2764; x_wconf 88' lang='lat' dir='ltr'>Aramaei</span> <span class='ocrx_word' id='word_1_314' title='bbox 678 2720 722 2763; x_wconf 92' lang='lat' dir='ltr'>iam</span> <span class='ocrx_word' id='word_1_315' title='bbox 737 2721 822 2778; x_wconf 87' lang='lat' dir='ltr'>pridem</span> <span class='ocrx_word' id='word_1_316' title='bbox 838 2722 862 2765; x_wconf 92' lang='lat' dir='ltr'>in</span> <span class='ocrx_word' id='word_1_317' title='bbox 873 2722 997 2778; x_wconf 89' lang='lat' dir='ltr'>Babylonia</span> 
     </span>
     <span class='ocr_line' id='line_1_37' title="bbox 99 2792 997 2856; baseline 0.002 -20"><span class='ocrx_word' id='word_1_318' title='bbox 99 2796 120 2838; x_wconf 92' lang='lat' dir='ltr'>et</span> <span class='ocrx_word' id='word_1_319' title='bbox 135 2793 223 2850; x_wconf 80' lang='lat' dir='ltr'>Assyria</span> <span class='ocrx_word' id='word_1_320' title='bbox 239 2792 397 2837; x_wconf 77' lang='lat' dir='ltr'>habitavissent</span> <span class='ocrx_word' id='word_1_321' title='bbox 413 2796 434 2836; x_wconf 91' lang='lat' dir='ltr'>et</span> <span class='ocrx_word' id='word_1_322' title='bbox 450 2792 553 2849; x_wconf 88' lang='lat' dir='ltr'>scriptura</span> <span class='ocrx_word' id='word_1_323' title='bbox 569 2793 680 2837; x_wconf 89' lang='lat' dir='ltr'>Aramaica</span> <span class='ocrx_word' id='word_1_324' title='bbox 695 2794 719 2837; x_wconf 92' lang='lat' dir='ltr'>in</span> <span class='ocrx_word' id='word_1_325' title='bbox 735 2794 828 2838; x_wconf 81' lang='lat' dir='ltr'>Talmud</span> <span class='ocrx_word' id='word_1_326' title='bbox 844 2794 930 2856; x_wconf 84' lang='lat' dir='ltr'>(Babyl.</span> <span class='ocrx_word' id='word_1_327' title='bbox 942 2794 997 2839; x_wconf 81' lang='lat' dir='ltr'>San-</span> 
     </span>
     <span class='ocr_line' id='line_1_38' title="bbox 99 2866 998 2925; baseline 0.001 -15"><span class='ocrx_word' id='word_1_328' title='bbox 99 2867 176 2910; x_wconf 81' lang='lat' dir='ltr'>hedrin</span> <span class='ocrx_word' id='word_1_329' title='bbox 192 2867 241 2924; x_wconf 69' lang='grc'><strong>211)</strong></span> <span class='ocrx_word' id='word_1_330' title='bbox 263 2866 320 2904; x_wconf 58' lang='lat' dir='ltr'>*nidis</span> <span class='ocrx_word' id='word_1_331' title='bbox 336 2872 377 2904; x_wconf 68' lang='lat'>³17³</span> <span class='ocrx_word' id='word_1_332' title='bbox 399 2866 546 2923; x_wconf 79' lang='lat' dir='ltr'>appellaretur,</span> <span class='ocrx_word' id='word_1_333' title='bbox 572 2868 602 2910; x_wconf 92' lang='lat' dir='ltr'>At</span> <span class='ocrx_word' id='word_1_334' title='bbox 621 2867 778 2923; x_wconf 87' lang='lat' dir='ltr'>respiciendum</span> <span class='ocrx_word' id='word_1_335' title='bbox 799 2870 832 2911; x_wconf 88' lang='lat' dir='ltr'>est</span> <span class='ocrx_word' id='word_1_336' title='bbox 848 2868 958 2925; x_wconf 80' lang='lat' dir='ltr'>Assyriam</span> <span class='ocrx_word' id='word_1_337' title='bbox 975 2870 998 2912; x_wconf 88' lang='lat' dir='ltr'>et</span> 
     </span>
     <span class='ocr_line' id='line_1_39' title="bbox 98 2939 995 2999; baseline 0 -16"><span class='ocrx_word' id='word_1_338' title='bbox 98 2940 198 2996; x_wconf 82' lang='lat' dir='ltr'>Assyrios</span> <span class='ocrx_word' id='word_1_339' title='bbox 214 2939 317 2983; x_wconf 88' lang='lat' dir='ltr'>omnibus</span> <span class='ocrx_word' id='word_1_340' title='bbox 332 2940 380 2983; x_wconf 89' lang='lat' dir='ltr'>aliis</span> <span class='ocrx_word' id='word_1_341' title='bbox 394 2940 448 2983; x_wconf 87' lang='lat' dir='ltr'>locis</span> <span class='ocrx_word' id='word_1_342' title='bbox 459 2939 509 2983; x_wconf 89' lang='lat' dir='ltr'>libri</span> <span class='ocrx_word' id='word_1_343' title='bbox 524 2939 640 2997; x_wconf 84' lang='lat' dir='ltr'>prophetae</span> <span class='ocrx_word' id='word_1_344' title='bbox 650 2940 721 2984; x_wconf 76' lang='lat' dir='ltr'>desaia</span> <span class='ocrx_word' id='word_1_345' title='bbox 737 2941 844 2985; x_wconf 88' lang='lat' dir='ltr'>vocabulo</span> <span class='ocrx_word' id='word_1_346' title='bbox 862 2940 911 2982; x_wconf 71' lang='grc'><strong>’11111</strong></span> <span class='ocrx_word' id='word_1_347' title='bbox 927 2941 995 2999; x_wconf 84' lang='lat' dir='ltr'>signi-</span> 
     </span>
     <span class='ocr_line' id='line_1_40' title="bbox 98 3012 997 3072; baseline -0.001 -15"><span class='ocrx_word' id='word_1_348' title='bbox 98 3015 158 3057; x_wconf 89' lang='lat' dir='ltr'>ficari</span> <span class='ocrx_word' id='word_1_349' title='bbox 180 3015 249 3071; x_wconf 71' lang='lat' dir='ltr'>(ut&#39;t,</span> <span class='ocrx_word' id='word_1_350' title='bbox 266 3017 306 3063; x_wconf 75' lang='lat'>203</span> <span class='ocrx_word' id='word_1_351' title='bbox 327 3016 362 3065; x_wconf 78' lang='lat'>36,</span> <span class='ocrx_word' id='word_1_352' title='bbox 381 3018 414 3059; x_wconf 76' lang='lat' dir='ltr'>la</span> <span class='ocrx_word' id='word_1_353' title='bbox 433 3017 452 3060; x_wconf 77' lang='grc'>4.</span> <span class='ocrx_word' id='word_1_354' title='bbox 470 3020 490 3060; x_wconf 63' lang='grc' dir='ltr'>«δ’.</span> <span class='ocrx_word' id='word_1_355' title='bbox 508 3013 543 3072; x_wconf 73' lang='grc'>11)</span> <span class='ocrx_word' id='word_1_356' title='bbox 564 3015 585 3055; x_wconf 92' lang='grc'>01</span> <span class='ocrx_word' id='word_1_357' title='bbox 605 3012 732 3056; x_wconf 88' lang='lat' dir='ltr'>vocabulum</span> <span class='ocrx_word' id='word_1_358' title='bbox 749 3018 795 3065; x_wconf 60' lang='lat'>038,</span> <span class='ocrx_word' id='word_1_359' title='bbox 815 3014 854 3057; x_wconf 94' lang='lat' dir='ltr'>ubi</span> <span class='ocrx_word' id='word_1_360' title='bbox 870 3013 997 3070; x_wconf 84' lang='lat' dir='ltr'>simpliciter</span> 
     </span>
     <span class='ocr_line' id='line_1_41' title="bbox 98 3084 997 3146; baseline -0.001 -16"><span class='ocrx_word' id='word_1_361' title='bbox 98 3087 194 3144; x_wconf 88' lang='lat' dir='ltr'>ponitur,</span> <span class='ocrx_word' id='word_1_362' title='bbox 210 3101 293 3142; x_wconf 88' lang='lat' dir='ltr'>semper</span> <span class='ocrx_word' id='word_1_363' title='bbox 310 3086 394 3141; x_wconf 81' lang='lat' dir='ltr'>Syriam</span> <span class='ocrx_word' id='word_1_364' title='bbox 410 3084 562 3129; x_wconf 87' lang='lat' dir='ltr'>occidentalem</span> <span class='ocrx_word' id='word_1_365' title='bbox 578 3084 662 3146; x_wconf 72' lang='grc'><strong>(1103,</strong></span> <span class='ocrx_word' id='word_1_366' title='bbox 678 3091 709 3134; x_wconf 86' lang='lat'>10.</span> <span class='ocrx_word' id='word_1_367' title='bbox 726 3086 736 3130; x_wconf 86' lang='lat' dir='ltr'>I</span> <span class='ocrx_word' id='word_1_368' title='bbox 752 3086 787 3145; x_wconf 78' lang='lat' dir='ltr'>ag</span> <span class='ocrx_word' id='word_1_369' title='bbox 808 3091 839 3140; x_wconf 83' lang='lat'>10,</span> <span class='ocrx_word' id='word_1_370' title='bbox 852 3091 891 3137; x_wconf 76' lang='lat'>293</span> <span class='ocrx_word' id='word_1_371' title='bbox 910 3091 943 3138; x_wconf 91' lang='grc'>11,</span> <span class='ocrx_word' id='word_1_372' title='bbox 956 3090 997 3139; x_wconf 79' lang='lat'>25;</span> 
     </span>
     <span class='ocr_line' id='line_1_42' title="bbox 100 3159 996 3221; baseline 0 -18"><span class='ocrx_word' id='word_1_373' title='bbox 100 3164 133 3213; x_wconf 76' lang='lat'>15,</span> <span class='ocrx_word' id='word_1_374' title='bbox 153 3165 185 3208; x_wconf 77' lang='lat'>18.</span> <span class='ocrx_word' id='word_1_375' title='bbox 202 3159 224 3203; x_wconf 87' lang='grc'>11</span> <span class='ocrx_word' id='word_1_376' title='bbox 240 3160 275 3216; x_wconf 79' lang='lat' dir='ltr'>lig</span> <span class='ocrx_word' id='word_1_377' title='bbox 292 3163 310 3210; x_wconf 81' lang='lat'>5,</span> <span class='ocrx_word' id='word_1_378' title='bbox 330 3160 373 3219; x_wconf 85' lang='lat' dir='ltr'>1s.)</span> <span class='ocrx_word' id='word_1_379' title='bbox 390 3162 411 3203; x_wconf 93' lang='lat' dir='ltr'>et</span> <span class='ocrx_word' id='word_1_380' title='bbox 426 3159 531 3216; x_wconf 85' lang='lat' dir='ltr'>imprimis</span> <span class='ocrx_word' id='word_1_381' title='bbox 547 3159 700 3203; x_wconf 85' lang='lat' dir='ltr'>Damascenam</span> <span class='ocrx_word' id='word_1_382' title='bbox 717 3159 763 3221; x_wconf 75' lang='lat' dir='ltr'>(des</span> <span class='ocrx_word' id='word_1_383' title='bbox 776 3165 799 3213; x_wconf 75' lang='grc'>1,</span> <span class='ocrx_word' id='word_1_384' title='bbox 813 3165 832 3208; x_wconf 88' lang='grc'>1.</span> <span class='ocrx_word' id='word_1_385' title='bbox 844 3164 864 3209; x_wconf 80' lang='grc'>8.</span> <span class='ocrx_word' id='word_1_386' title='bbox 881 3160 923 3203; x_wconf 89' lang='lat' dir='ltr'>Am</span> <span class='ocrx_word' id='word_1_387' title='bbox 941 3166 959 3213; x_wconf 86' lang='lat'>1,</span> <span class='ocrx_word' id='word_1_388' title='bbox 971 3160 996 3220; x_wconf 78' lang='lat'>5)</span> 
     </span>
    </p>
   </div>
   <div class='ocr_carea' id='block_1_6' title="bbox 0 0 1088 3388">
    <p class='ocr_par' dir='ltr' id='par_1_11' title="bbox 0 0 1088 3388">
     <span class='ocr_line' id='line_1_43' title="bbox 0 0 1088 3388; baseline 0 0"><span class='ocrx_word' id='word_1_389' title='bbox 0 0 1088 3388; x_wconf 95' lang='lat' dir='ltr'> </span> 
     </span>
    </p>
   </div>
  </div>
 </body>
</html>
