2147 3361
380 102 381 106 ’
401 96 519 133 Vestimenta
532 96 643 133 levitarum

413 258 509 303 Sectio
526 259 630 315 quinta

105 392 156 442 De
175 393 426 446 vestimentis
446 394 713 447 ministrorum
734 402 940 446 sacrorum

422 559 499 618 Caput
514 561 621 619 primum

312 690 352 735 De
371 690 549 737 vestimentis
567 689 732 736 Levitarum

136 826 246 870 Levitis
262 827 297 869 lex
307 827 401 871 lllosaica
416 828 521 886 peculiare
532 828 639 884 quoddam
650 827 801 871 vestimentum
812 841 860 869 non
871 824 970 869 decrevit.

73 900 152 957 ephod
168 900 257 943 linteam
279 902 313 960 (tn
329 900 391 960 dett),
412 917 454 959 quo
476 901 560 945 Samuel
579 900 707 944 induebatur
728 900 750 960 (Ι
766 899 802 943 Sm
821 904 841 951 2,
859 898 903 958 18),
925 912 971 940 non

71 982 120 1017 erat
140 964 206 1016 vestis
223 973 345 1017 Levitarum
366 975 463 1032 propria3
485 989 536 1017 nam
557 974 621 1017 etiam
637 973 706 1017 David
726 975 776 1016 ante
797 987 868 1015 arcam
889 970 971 1014 saltans

74 1047 115 1090 tali
131 1045 203 1102 ephod
219 1046 309 1090 indutus
324 1050 370 1090 erat
386 1048 418 1108 (Π
433 1047 470 1092 Sm
486 1052 506 1099 6,
522 1051 554 1094 14.
571 1047 582 1091 Ι
598 1046 640 1090 Otr
657 1050 691 1098 15,
703 1048 739 1104 27)
757 1048 821 1102 atque
837 1043 971 1100 temporibus

74 1119 131 1178 regis
148 1118 198 1163 Saul
220 1135 295 1163 omnes
315 1120 434 1165 sacerdotes
455 1119 526 1177 ephod
546 1122 639 1177 gestasse
658 1119 758 1163 videntur
780 1119 799 1179 (l
816 1118 853 1162 Sm
870 1123 905 1183 ²22,
924 1118 971 1171 1833

74 1194 141 1236 immo
162 1192 194 1236 ita
214 1193 367 1236 vestimentum
388 1193 522 1237 sacerdotum
542 1193 654 1250 proprium
674 1201 723 1244 erat,
744 1195 769 1236 ut
790 1193 823 1236 vel
844 1182 971 1244 sacerdodes,

72 1265 112 1324 qni
129 1265 213 1308 cultum
229 1266 401 1323 superstitiosum
417 1267 569 1317 exercitabant,
585 1266 608 1310 id
624 1268 732 1323 gestarent
748 1266 771 1327 (J
773 1266 798 1309 dc
810 1270 829 1318 8,
842 1269 881 1316 273
901 1269 935 1318 17,
946 1269 971 1315 ὃς

76 1344 110 1391 18,
124 1343 157 1386 14.
170 1343 198 1386 17
210 1354 226 1382 s.
238 1341 281 1399 20),
313 1339 369 1382 Loco
386 1340 397 1382 I
414 1340 457 1383 cnr
475 1343 508 1392 15,
520 1344 547 1387 27
565 1339 656 1391 Levitae,
672 1338 709 1396 qui
725 1354 796 1382 arcam
811 1338 904 1382 foederis
920 1354 970 1394 por-

74 1413 157 1463 tabant,
175 1414 196 1454 et
213 1415 311 1456 cantores
328 1413 418 1456 carticula
429 1414 513 1470 bpasirro
530 1413 570 1472 (pta
582 1404 628 1461 &tlh
645 1412 703 1455 LXX
719 1417 784 1474 στολὴ
796 1411 889 1473 βυσσίνη)
900 1411 972 1455 induti

74 1486 140 1529 fnisse
156 1484 259 1528 dicuntur
275 1487 338 1543 atque
354 1485 377 1528 Π
389 1485 430 1529 Chr
442 1490 462 1538 5,
474 1491 502 1533 12
519 1485 605 1529 Levitae
616 1486 675 1544 bpsso
686 1487 756 1529 indidi
768 1487 809 1545 (Vt-*1
821 1477 901 1539 witebi?
912 1485 972 1528 LXX

75 1561 203 1619 ἐνδεδυμένοι
220 1562 297 1610 στολὰς
314 1559 415 1619 βυσσίνοις)
432 1561 562 1615 comparent.
585 1558 685 1602 Cont'eras
696 1558 760 1601 etiam
771 1558 816 1604 dos.
828 1558 867 1602 Α]
880 1563 899 1610 8,
912 1561 932 1605 3.
944 1562 970 1610 8,,

74 1633 112 1676 ubi
128 1632 215 1677 Salomo
232 1637 310 1679 στολῶν
327 1643 368 1685 τοῖς
384 1632 483 1694 ὑμνῳδοῖς
499 1644 537 1681 τῶν
552 1634 641 1681 Astraea
658 1634 682 1679 ἐν
698 1638 773 1692 pesona
789 1636 891 1693 μυριάδας
907 1632 971 1679 εἴκοσι

72 1706 156 1750 dedisse
172 1704 258 1751 dicitur.
291 1706 348 1749 Loco
365 1705 399 1751 ΠΙ
414 1706 453 1749 llsr
470 1710 489 1758 ἵ,
507 1710 520 1754 9
541 1707 659 1750 sacerdotes
679 1708 699 1749 et
715 1706 800 1750 Levitae
821 1706 970 1764 ἐστολισμένον,

72 1780 134 1823 stolis
150 1779 219 1822 amicti
239 1778 381 1835 appellantur
412 1779 525 1836 Regnante
541 1779 565 1822 in
581 1779 662 1823 Judaea
678 1779 763 1822 Herode
779 1778 877 1837 Agrippa
894 1777 916 1820 ll
932 1778 971 1821 Le-

74 1853 132 1896 vitae
152 1851 223 1907 perita
242 1851 400 1908 impetrataque
416 1869 428 1895 a
443 1852 541 1908 principe
560 1852 663 1896 facultate
683 1852 777 1896 ciriacam
796 1853 886 1896 citream
905 1851 972 1911 (λινὴν

75 1924 166 1984 στολήν),
193 1925 321 1969 sacerdotali
342 1939 388 1968 non
411 1925 501 1968 omnino
524 1925 656 1977 dissimilem,
679 1927 839 1981 assumpserunt
862 1923 916 1984 (Jos.
933 1924 972 1967 At·

73 2003 110 2051 ao,
127 2002 147 2045 e.
164 1998 193 2057 c).

137 2099 210 2150 Ephod
226 2100 280 2139 illud
295 2099 381 2139 linteum
398 2100 420 2138 in
436 2100 481 2151 lege
492 2100 582 2149 llosaica,
600 2113 645 2140 cum
660 2112 701 2139 non
713 2100 826 2140 accuratius
838 2099 971 2147 describatur,

75 2164 148 2200 notum
168 2161 260 2212 ponitur.
297 2160 326 2199 nx
346 2159 408 2200 variis
428 2161 537 2209 vocabulis,
561 2174 611 2212 quae
632 2162 656 2201 de
679 2174 701 2201 co
721 2161 824 2201 induendo
845 2164 973 2211 usurpantur

76 2218 94 2275 (Ι
111 2222 145 2260 Sm
163 2227 182 2268 2,
203 2228 236 2263 18.
252 2222 273 2260 Π
289 2221 324 2260 Sm
342 2228 360 2268 6,
380 2228 418 2263 14:
440 2222 520 2261 Samuel
540 2224 559 2260 et
576 2222 640 2263 David
661 2222 725 2273 ephod
746 2222 831 2262 accincti
852 2223 921 2268 erant;
942 2221 972 2261 Lv

76 2288 94 2331 8,
113 2288 137 2325 8:
154 2282 221 2333 ephod
237 2282 319 2336 cingulo
335 2282 483 2334 adstringitur,
498 2282 550 2321 LXX
565 2283 609 2323 loco
624 2284 654 2322 Ex
671 2289 704 2330 28,
723 2290 748 2325 31
767 2285 852 2323 vertunt
867 2281 971 2339 ποδήρης)

72 2343 145 2395 colligi
161 2339 235 2394 'potest
256 2343 322 2394 ephod
338 2338 483 2383 vestimentum
503 2343 565 2383 fuisse
585 2344 671 2396 longius,
693 2357 765 2395 corpus
781 2348 858 2396 tegens,
876 2343 901 2381 de
918 2343 971 2382 coxis

76 2403 205 2443 descendens.
238 2403 354 2443 Verisimile
373 2403 438 2455 igitur
459 2406 490 2444 est
509 2404 574 2455 ephod
594 2405 643 2444 nihil
656 2405 719 2456 ¹alind
740 2405 803 2445 fuisse
819 2405 860 2444 nisi
876 2404 970 2455 taratara,

18 2490 23 2498 ‹
75 2467 153 2505 vestem
174 2465 281 2504 hominum
302 2464 421 2516 primorum,
442 2478 494 2515 quae
514 2466 587 2515 pudori
607 2466 699 2505 nascenti
720 2466 841 2505 attribuitur
858 2463 898 2520 (Gn
915 2470 934 2513 3,
953 2471 972 2506 7.

76 2526 100 2566 el.
116 2526 152 2565 der
171 2532 204 2572 13,
224 2533 234 2568 1
249 2523 289 2581 ss),
307 2525 431 2576 eandemque
447 2526 612 2576 antiquissimam
627 2529 702 2568 vestem
719 2527 868 2579 Aegyptiorum
884 2527 906 2565 et
921 2526 972 2564 Ara-

73 2587 131 2637 bum,
153 2587 208 2638 apud
230 2600 281 2637 quos
303 2586 393 2625 lumbare
414 2587 475 2626 etiam
496 2587 640 2638 posterioribus
660 2588 786 2639 temporibus
807 2587 896 2627 vestitus
917 2598 972 2626 sacer

76 2649 126 2695 erat,
149 2661 190 2698 qno
211 2648 298 2687 indutus
319 2647 409 2687 sacerdos
430 2648 467 2687 deo
483 2648 665 2700 appropinquabat.
697 2649 748 2688 Nam
764 2649 853 2688 vestitus
869 2647 972 2686 obsoletus

75 2709 130 2748 haud
146 2722 191 2748 raro
208 2709 263 2760 apud
279 2707 344 2747 varias
360 2709 430 2760 gentes
446 2709 489 2749 loco
506 2709 557 2749 sacri
573 2710 659 2750 vestitus
676 2712 806 2750 conservatus
823 2712 855 2749 est
871 2708 884 2748 i.
896 2721 912 2747 e.
927 2708 971 2749 loco

74 2770 170 2818 vestitus,
188 2770 225 2820 qui
241 2769 346 2822 religionis
358 2775 419 2808 causa
429 2769 528 2810 induitur.
556 2770 634 2823 Cogites
645 2771 669 2810 de
679 2769 752 2823 'ilirdru
766 2771 807 2810 sive
818 2770 897 2810 vestitu
908 2781 971 2819 sacro,

77 2831 112 2881 qui
129 2845 140 2870 a
155 2830 329 2870 arotammedanis
346 2830 368 2869 in
383 2830 434 2870 urbe
450 2830 523 2870 hlelrlra
538 2833 634 2883 gestatur.

138 2903 240 2955 Imagines
256 2903 359 2943 variorum
375 2915 473 2953 generum
490 2903 594 2951 lumbaris,
612 2917 662 2955 quae
678 2904 699 2944 in
715 2903 852 2944 monumentis
864 2903 973 2955 Aegyptiis
1024 2897 1026 2902 ¹

75 2964 222 3013 inveniuntur,
244 2964 314 3004 videas
334 2963 388 3014 apud
406 2964 431 3003 H.
452 2964 548 3012 Weiss,
569 2965 730 3006 Kostttmlrunde.
747 2965 762 3006 Ι.
783 2965 819 3004 Die
841 2964 916 3004 Vblker
938 2965 972 3004 des

73 3024 149 3065 'Ostens
166 3021 246 3081 (1860)
264 3030 298 3068 38.
309 3025 352 3076 Fig,
370 3030 397 3066 26
415 3038 453 3067 ac.
486 3025 578 3065 Ceterum
594 3027 617 3068 cf.
634 3026 656 3069 Ε,
673 3026 762 3074 Sellin,
780 3026 818 3064 Das
835 3025 973 3066 israelitisclre

74 3085 148 3136 Ephod
163 3083 201 3143 (Or
209 3087 232 3126 St
245 3082 380 3141 cea-717).
397 3086 415 3125 J.
427 3086 485 3125 Dbll
493 3099 525 3137 er,
542 3086 616 3128 Davids
627 3087 677 3126 Tana
688 3099 724 3127 vor
734 3086 798 3127 dative
814 3084 851 3139 (Zk
857 3086 887 3125 Th
902 3085 973 3136 XXIX,

76 3152 142 3196 ,roca
160 3146 295 3204 ave-579),
402 3171 404 3174 >
