2147 3361
412 131 413 134 ¹
435 116 557 154 Sollemnitas
569 117 687 165 pentecostes
967 117 1015 161 26T

116 244 197 284 videtur
206 232 412 300 (ct'appellationem
424 245 512 296 Aegypti
529 240 556 284 nd
573 245 610 291 Villi
627 245 657 284 Gn
669 246 702 292 ll,
716 249 750 285 52.
766 243 795 282 Hx
808 248 827 290 3,
842 247 861 285 7.
876 248 914 290 17;
933 246 952 287 d,
966 236 1013 294 blla

117 304 174 346 Unde
189 305 211 421 iq
226 305 355 356 proverbium
369 318 449 345 versum
465 306 492 345 ad·
506 306 582 346 similes
598 308 663 345 status
679 304 805 345 translatum
822 304 854 343 est
870 300 910 358 (Gn
924 308 957 350 lt,
971 308 1014 349 11,

117 373 152 414 31,
170 372 213 407 42.

180 451 188 477 ³
199 452 243 492 Alii
254 465 327 504 panem
342 452 508 492 infermentatum
522 464 596 502 parreia
607 450 699 491 miseriae
710 450 786 490 dictum
798 462 842 489 esse
853 450 941 500 patant,
955 448 1015 499 qnod

116 512 217 563 insipidus
233 515 286 559 esset
302 516 322 553 et
337 513 431 555 insuavis.

177 619 318 663 Primitiis
338 620 433 663 messis
454 620 545 677 populus
565 618 722 663 nutrimentum
745 618 841 674 corporis
858 631 908 660 cunr
925 616 1010 660 confes-

116 693 176 736 sione
197 707 275 749 panem
297 693 437 737 cottidianum
455 694 522 736 adeo
545 693 585 736 sibi
608 692 653 735 dari
674 691 743 735 eidem
764 694 827 749 grato
851 691 924 735 animo
948 690 1017 734 offerti

117 765 217 823 additque
239 766 347 818 sacrificia,
372 768 397 809 nt
418 769 531 810 testaretur
553 765 620 809 vitam
641 765 759 808 humanam
782 765 887 807 alimento
913 765 1011 808 terrestri

117 840 263 883 confirmatam
285 840 452 884 sanctificatione
474 843 495 884 et
514 839 647 883 incremento
668 838 776 882 bonorum
798 852 888 894 operum
904 838 944 881 deo
966 852 1016 881 esse-

116 912 286 958 consecrandam,
312 913 382 971 Atque
394 929 442 957 cum
452 912 559 970 primitiae
569 911 651 956 dativae
663 914 733 955 essent
744 925 823 963 sacrae,
838 910 922 954 nemini
933 910 1010 954 licebat

115 1000 183 1029 noras
203 972 272 1028 terrae
292 985 363 1043 fruges
383 986 406 1029 in
426 1001 477 1030 snos
497 1001 548 1029 usus
563 988 649 1038 vertere,
671 986 787 1042 antequam
803 983 913 1039 primitiae
930 984 1011 1035 messis,

116 1058 239 1115 manipulus
257 1059 368 1115 spicarum,
387 1060 476 1103 nomine
495 1059 562 1102 totins
581 1058 657 1115 populi
676 1057 758 1101 Jahrae
778 1060 849 1100 essent
869 1060 1015 1101 consecratae..

177 1194 204 1239 V.
222 1192 345 1249 Complures
365 1193 492 1251 assyriologi
512 1191 668 1236 recentissimae
690 1193 766 1235 aetatis
781 1193 915 1248 putaverunt
931 1191 1014 1250 pascha

115 1265 179 1309 initio
196 1267 251 1309 diem
264 1265 341 1322 festum
352 1267 520 1326 Babyloniorum
536 1266 606 1309 fuisse,
633 1264 691 1308 Nam
705 1264 730 1307 in
745 1264 926 1321 inscriptionibus
938 1264 1012 1321 Baby-

115 1337 180 1382 loniis
195 1338 251 1382 tradi
267 1339 388 1383 inlustrati
404 1340 497 1397 quodam
512 1339 616 1382 sacrificio
633 1337 738 1396 sanguine
754 1337 808 1396 agni
823 1338 892 1381 limen
908 1352 1010 1394 superum

116 1413 137 1454 et
152 1416 224 1467 postes
244 1414 317 1468 portae
337 1413 407 1471 regiae
423 1412 492 1457 olilini
508 1412 572 1455 solita
588 1426 637 1464 esse,
659 1411 682 1455 id
698 1411 756 1469 quod
772 1411 798 1454 de
814 1411 914 1468 postibus
931 1412 1014 1465 oblitisT

116 1499 165 1527 cum
175 1485 266 1528 Hebraei
276 1486 388 1542 pascham
399 1486 498 1545 Aegypto
515 1488 610 1543 agerent,
627 1484 755 1528 admoneret.
783 1484 817 1527 Ad
833 1484 876 1528 hoc
892 1484 916 1528 in
933 1485 1013 1543 lingna.

116 1557 203 1613 Assyria
218 1559 305 1602 verbum
322 1560 406 1615 protrita
426 1573 477 1611 esse,
498 1559 556 1616 qnod
572 1573 593 1602 sc
608 1559 677 1613 linire,
698 1556 753 1600 Pi‘el
764 1558 872 1614 periscelio,
894 1558 952 1615 quod
968 1560 1010 1603 cli-

116 1632 176 1675 eritas
192 1632 288 1674 aretinam
303 1633 405 1689 laitipcre'
418 1632 502 1675 valeret.
536 1631 597 1675 Unde
617 1631 639 1674 id
661 1645 745 1688 quoqne
766 1630 824 1674 effici
845 1631 926 1687 pascha
946 1632 1012 1675 initio

116 1703 243 1747 sacrificium
258 1704 345 1749 lustrale
360 1704 424 1748 fuisse
441 1711 504 1761 atque
521 1719 570 1748 cum
582 1704 642 1761 apud
658 1703 790 1760 Babylonios
807 1719 894 1762 equoque
911 1707 1015 1759 exstaret.

116 1792 142 1820 ex
158 1778 233 1828 aetate,
249 1792 302 1834 qnae
318 1783 367 1821 ante
384 1777 459 1821 Mosen
475 1779 535 1830 esset,
552 1777 658 1835 originem
674 1778 756 1823 ducere.

176 1879 204 1918 At
219 1879 338 1919 vocabulum
354 1879 475 1919 Hebraicum
491 1880 533 1924 nup·
549 1880 594 1931 ipsa
609 1879 677 1919 radice
693 1880 718 1918 ab
734 1879 817 1931 Assyrio
835 1875 919 1930 petibile
935 1879 1009 1919 differt.

116 1940 170 1986 tluae
185 1940 283 1979 vocabula
303 1940 394 1991 componi
414 1952 474 1991 posse
490 1940 506 1979 si
523 1941 655 1989 concedimus,
677 1940 751 1991 duplex
771 1941 849 1980 factum
865 1952 909 1980 esse
930 1943 1014 1992 potest:

116 2002 153 2040 aut
168 2002 193 2040 ut
207 2000 293 2040 Hebraei
312 2000 352 2052 ipsi
371 2001 473 2051 quondam
488 2002 609 2041 vocabulum
630 2002 733 2050 taberent,
755 2001 810 2051 qnod
827 1995 912 2053 Assyrio
929 1999 1013 2053 pardalin

111 2061 237 2112 respondens
258 2063 327 2112 postea
346 2061 429 2102 evanuit
449 2058 478 2117 (id
498 2064 567 2102 autem
586 2057 630 2107 llll?
647 2062 737 2102 sonuisse
757 2074 839 2102 necesse
861 2058 907 2117 est),
930 2064 967 2102 ant
987 2066 1011 2103 ut

115 2122 223 2174 Babylonii
239 2122 292 2162 diem
313 2122 386 2162 festum
407 2124 496 2174 agerent,
518 2123 576 2163 cuiue
596 2136 669 2163 nomen
686 2136 731 2162 cum
744 2119 830 2173 paidbe
846 2124 971 2173 cohaerebat,
990 2127 1011 2164 ct

116 2182 202 2222 Hebraei
219 2196 265 2222 eum
281 2183 332 2223 diem
348 2189 389 2222 una
405 2196 450 2223 cnm
466 2184 546 2224 nomine
562 2184 674 2235 reciperent
690 2180 721 2240 (cr
738 2197 778 2235 qno
794 2184 865 2224 littera
883 2185 896 2216 ὓ
914 2186 1011 2235 explicari

115 2240 197 2297 posset).
224 2244 251 2283 At
261 2244 286 2283 de
296 2244 333 2283 tali
343 2243 435 2284 die'iesto
452 2243 638 2295 nihiluaccepimns.
665 2245 722 2292 Quod
738 2247 807 2285 antem
823 2248 892 2297 postes
910 2247 1015 2298 sanguine·

116 2305 264 2353 obtinebantur,
281 2305 333 2344 illud
348 2304 431 2356 quidem
447 2305 469 2344 in
484 2307 584 2357 Aegypto,
606 2318 652 2345 cnm
667 2306 755 2357 primum
772 2307 848 2357 pascha
865 2307 1009 2355 celebraretur,

115 2365 190 2405 factum
211 2368 247 2415 est,
269 2366 304 2405 sed
323 2366 345 2405 in
360 2365 474 2405 Palaestina
494 2380 606 2418 numquam
627 2368 740 2418 reperitnr3
762 2380 828 2418 neque
845 2367 911 2417 igitur
927 2370 1011 2419 propter

116 2439 159 2465 eam
175 2440 217 2466 rem
232 2426 306 2478 pascha
315 2439 344 2465 ex
359 2426 470 2477 Babylonia
486 2427 573 2466 ducatur
588 2440 668 2468 necesse
684 2430 720 2468 est.

177 2517 204 2576 or.
220 2536 248 2574 rr⁴
265 2535 523 2583 ranimirum,
542 2542 606 2585 1900,
625 2542 690 2579 aas.
717 2537 919 2582 aiasaaaaeana
936 2537 1012 2577 unia

115 2596 234 2649 suchungen
249 2597 264 2644 Ι,
283 2602 316 2639 68.
374 2648 375 2651 ¹

464 2738 540 2796 Caput
555 2741 658 2786 tertium

338 2867 379 2913 De
399 2867 588 2915 sollemnitate
607 2871 783 2923 pentecostes

176 3019 196 3064 I.
212 3019 329 3077 Postquam
350 3035 361 3062 a
382 3017 415 3061 die
436 3021 496 3063 sexto
518 3020 599 3063 decimo
620 3021 699 3064 mensis
720 3019 789 3062 Nisan
811 3019 852 3080 (ΙΝ
869 3024 905 3071 23,
923 3023 958 3068 15.
979 3021 1017 3066 Dt

117 3095 151 3143 16,
172 3091 194 3151 9)
218 3095 299 3148 septem
320 3091 463 3135 hebdomades
486 3092 566 3152 (nitati
582 3092 635 3152 beli)
658 3092 701 3136 sive
722 3092 942 3151 undequinquaginta
966 3095 1016 3139 dies

114 3164 244 3208 transierant
260 3165 300 3226 (ΙΝ
311 3170 346 3218 23,
359 3167 392 3213 15.
409 3164 453 3208 Jos.
465 3164 502 3209 AJ
514 3170 534 3218 3,
547 3170 580 3213 10.
592 3166 620 3225 6),
637 3165 680 3208 dies
691 3165 729 3222 qui
739 3166 874 3223 sequebatur,
891 3167 904 3213 i.
916 3184 932 3214 e,
945 3169 1016 3225 quin*
