2147 3361
479 72 556 110 Nummi
922 72 969 118 653

70 204 203 250 commodari
219 205 240 246 et
255 196 373 243 examinari
389 198 485 252 possent,
501 211 542 253 quo
558 210 634 239 eorum
651 194 779 239 adulteratio
795 193 967 250 praecaveretur.

71 280 128 333 Cuae
139 273 270 332 exemplaria
280 283 448 326 nonnumquam
461 269 564 325 ,pondera
576 267 708 329 (mensurae)
720 268 816 311 sacrariifl
827 266 968 324 appellamur

71 352 136 413 (qun
153 342 197 399 bpt}
218 347 249 390 llx
265 350 299 397 30,
316 347 350 391 13.
368 346 409 393 aaa
430 345 516 394 31111.
538 342 569 385 ΙΝ
585 345 605 394 5,
625 345 662 392 153
686 346 720 394 2l,
737 346 757 389 3.
773 345 806 389 25.
830 339 876 383 Nm
893 344 914 392 3,
931 342 970 386 47,

71 430 110 475 503
127 428 147 476 7,
166 425 201 470 13,
218 423 251 467 19.
268 421 333 467 25ss;
350 419 387 467 18,
406 415 449 474 ld).
475 413 524 457 llius
540 414 599 457 modi
615 415 713 471 pondera
723 413 884 459 accuratissima
901 412 968 457 etiam

71 497 126 555 apud
143 491 276 550 Babylonios
296 491 317 533 et
333 487 435 544 Assyrios
451 486 538 530 inventa
554 490 612 540 sunt,
634 488 691 544 apud
707 503 760 545 quos
775 488 820 531 sine
837 487 905 530 dubio
922 486 968 529 iam

71 568 193 626 antiquitus
209 565 233 608 in
249 578 286 607 usu
303 563 369 606 erant.
397 560 470 604 David
484 561 578 617 pondera
599 563 622 604 et
637 575 748 604 mensuras
763 561 843 605 Levitis
861 559 968 604 servanda

71 639 204 686 commisisse
220 637 296 681 dicitur
312 635 331 695 11
342 634 387 678 Chr
404 638 439 687 23,
451 635 494 693 29),
514 634 588 691 Neque
600 634 691 677 dubium
707 637 744 686 est,
760 634 894 691 quinetiam
911 632 968 689 apud

71 711 190 770 Aegyptios
206 709 322 753 sacerdotes
342 708 370 751 iis
386 706 489 763 praefecti
504 707 591 754 tuerint.
618 706 711 751 Hebraei
727 707 792 763 igitur
812 721 860 749 eam
876 706 967 749 institu-

71 787 154 830 tionem
169 784 193 827 in
205 784 301 840 Aegypto
314 781 414 825 didicisse
424 780 529 832 videntur,
545 780 588 823 nisi
599 779 644 822 iarn
654 779 787 836 patriarchae
797 794 844 823 eam
859 780 885 823 in
897 779 968 823 Meso·

71 860 167 915 potamia
184 857 336 913 cognorerunt.
363 853 441 912 ltaque
457 855 554 906 nonest,
571 868 609 896 cur
626 868 676 896 cum
691 852 800 896 nonnullis
811 852 971 910 interpretibus

71 929 197 974 recentioris
213 928 287 972 aetatis
302 927 381 980 Ex30,
394 931 422 976 13
439 927 528 985 aliisque
543 926 597 970 locis
608 926 681 970 allatis
691 925 817 970 vccabulum
832 924 878 974 unp
895 928 969 981 postea

71 1003 177 1046 insertum
194 1016 237 1045 esse
253 1000 366 1046 existimes.

132 1103 249 1154 Complures
269 1102 308 1143 viri
328 1102 382 1143 docti
405 1102 501 1152 duplicem
516 1101 586 1141 siolaus
609 1100 675 1140 fuisse
695 1099 771 1149 dicunt,
793 1102 813 1139 et
834 1113 922 1149 sacrum,
946 1101 970 1139 ad

71 1164 151 1213 tributa
171 1164 194 1203 in
210 1177 268 1203 usum
287 1175 366 1203 sacrum
384 1162 502 1202 conferenda
518 1160 653 1210 destinatum,
674 1162 694 1201 et
709 1160 816 1212 profanum
832 1162 867 1202 uel
883 1161 970 1213 regium,

72 1225 97 1265 ad
112 1237 145 1264 res
161 1224 260 1276 profanas,
281 1224 337 1263 velut
353 1224 375 1262 in
392 1223 481 1275 negotiis
496 1222 589 1262 civilibus
613 1223 634 1261 et
653 1217 676 1261 in
697 1221 790 1262 omnibus
809 1222 873 1261 rebus
890 1225 971 1262 contra-

71 1285 148 1334 hendis,
170 1284 289 1325 adhibitum.
317 1285 356 1324 Ille
377 1284 440 1324 siclus
462 1285 515 1323 hunc
535 1283 598 1335 duplo
625 1295 731 1334 superasse
752 1283 831 1323 dicitur.
858 1284 888 1323 At
909 1283 971 1323 siclus

72 1337 128 1387 sacer
144 1348 234 1393 uocatur,
255 1346 301 1397 quia
316 1345 409 1396 exempla
425 1345 536 1394 ponderum
557 1345 578 1384 in
596 1343 684 1384 sacrario
701 1344 863 1394 asservabantur,
885 1345 972 1384 nonita

71 1407 163 1454 vocatur,
186 1407 234 1457 quia
250 1407 322 1457 duplex
337 1407 383 1445 erat
400 1405 462 1445 siclus
482 1407 502 1444 et
518 1405 578 1446 siclus
595 1405 681 1445 sacrarii
702 1405 764 1456 duplo
780 1405 864 1457 grauior
879 1405 971 1457 profano.

72 1469 140 1518 Atque
162 1480 210 1507 cum
224 1479 265 1506 non
281 1467 346 1506 solum
362 1478 396 1506 res
412 1479 484 1515 sacrae,
506 1466 539 1506 sod
556 1466 619 1505 etiam
635 1465 732 1517 profanae
747 1466 795 1506 siclo
811 1466 896 1505 sacrarii
912 1467 971 1506 aesti-

72 1529 155 1568 mentur
176 1540 241 1579 neque
261 1527 344 1567 dimidia
364 1539 412 1578 pars
431 1527 475 1567 sicli
495 1540 592 1578 umquam
610 1527 673 1566 siclus
688 1526 785 1577 profanus
806 1527 838 1566 vel
855 1527 970 1567 communis

72 1589 104 1630 rel
119 1588 190 1640 regius
207 1589 323 1639 appelletur,
345 1600 393 1627 cum
413 1601 479 1637 neque
495 1588 595 1639 Josepnus
617 1600 685 1638 neque
700 1588 829 1628 llaimonides
851 1600 919 1639 neque
936 1589 971 1628 alii

73 1649 182 1700 scriptores
199 1649 277 1699 antiqui
297 1648 336 1688 fide
357 1648 417 1700 digni
439 1648 482 1688 eius
498 1649 624 1689 mentionem
647 1649 722 1688 faciant
744 1662 808 1699 neque
829 1649 888 1689 ullus
909 1649 970 1689 siclus

72 1710 169 1761 profanus
185 1722 270 1759 usquam
285 1710 407 1759 conspectus
428 1709 456 1748 sit
471 1710 491 1749 et
506 1709 545 1749 viri
560 1705 623 1757 docti,
645 1710 681 1760 qui
697 1709 850 1749 distinctionem
867 1710 922 1749 illam
939 1724 969 1750 se-

73 1771 173 1820 quuntur,
189 1770 241 1809 nihil
252 1771 298 1810 certi
310 1770 403 1817 offerant,
421 1770 581 1810 concludendum
599 1782 644 1810 esse
661 1782 733 1810 censeo
744 1784 855 1822 numquam
867 1771 970 1822 duplicem

73 1830 146 1870 siclum
162 1830 184 1869 in
200 1843 239 1870 usu
254 1830 322 1880 fuisse,
344 1829 380 1870 sed
396 1842 476 1882 semper
490 1844 559 1879 unum,
582 1832 625 1882 qni,
644 1844 765 1882 quamquam
782 1844 837 1872 sacer
853 1833 972 1882 uocabatur,

72 1893 143 1930 tamen
163 1891 186 1930 in
205 1892 265 1931 rebus
285 1903 367 1942 quoque
384 1890 474 1942 profanis
494 1892 526 1933 vel
543 1891 566 1931 in
586 1892 684 1931 omnibus
706 1893 791 1944 negotiis
813 1893 911 1933 civilibus
928 1894 970 1933 usi-

73 1953 129 1991 tatus
147 1952 195 1991 erat.
555 1971 556 1974 =

422 2105 497 2163 Caput
512 2108 616 2153 tertium

427 2223 469 2269 De
488 2224 615 2270 nummis

136 2324 194 2367 Ante
210 2323 305 2366 exsilium
315 2324 465 2380 Babylonium
481 2325 536 2382 apud
546 2326 658 2370 Hebraeos
674 2326 735 2370 nulla
750 2341 850 2371 ausorum
867 2342 969 2370 nummo-

74 2412 128 2448 rum,
150 2397 222 2453 quales
242 2410 281 2439 nos
301 2396 412 2450 habemus,
435 2398 525 2457 uestigia
545 2398 675 2442 invenimus.
707 2399 779 2457 Neque
799 2399 917 2453 verisimile
939 2410 971 2443 est

75 2469 133 2526 apud
144 2483 186 2522 eos,
203 2470 279 2527 quippe
295 2486 343 2514 cum
359 2485 387 2513 ex
400 2471 448 2528 lege
459 2471 523 2516 alosis
539 2474 565 2516 ab
578 2473 641 2517 omni
657 2475 745 2530 quaestu
756 2473 882 2517 alienissimi
893 2477 972 2525 essent,

74 2545 120 2587 tam
136 2545 220 2587 mature
235 2547 347 2602 argentum
358 2542 470 2602 signatum
485 2545 508 2589 in
523 2562 564 2590 usu
580 2561 627 2590 esse
639 2546 735 2603 coepisse.
752 2547 778 2590 ln
789 2546 865 2590 exsilio
877 2546 971 2589 Hebraei

74 2616 152 2672 procul
175 2615 239 2660 dubio
260 2617 355 2661 nummis
378 2617 547 2673 Babyloniorum
567 2620 603 2663 usi
625 2623 682 2664 sunt.
708 2620 759 2664 Post
779 2620 878 2662 exsilium
898 2619 969 2676 primo

74 2690 161 2733 nummi
176 2691 282 2749 peregrini
298 2691 429 2751 (Persarum,
446 2692 593 2747 Macedonum,
608 2694 784 2745 Ptolemaeorum,
796 2691 972 2751 Seleucidarum),

75 2763 152 2807 deinde
168 2765 298 2822 principibus
313 2765 456 2809 Hasmonaeis
477 2768 619 2826 regnantibus
636 2766 751 2819 domestici,
771 2772 889 2823 postremo,
910 2768 985 2822 post-v

75 2851 141 2893 quam
157 2836 248 2881 Romani
265 2837 412 2882 Palaestinam
432 2839 456 2882 in
472 2839 578 2885 dicionem
601 2856 663 2884 suam
683 2839 813 2897 redegerunt,
834 2838 930 2882 Romani
946 2840 970 2882 in

75 2923 140 2951 usum
156 2913 266 2955 venerunt.

138 2998 212 3039 Contra
232 3001 352 3052 opinionem,
373 3015 426 3054 quae
446 3003 544 3044 Hebraeos
565 3003 662 3055 antiquos
682 3015 773 3042 nummos
793 3014 853 3042 cusos
875 3001 974 3041 habuisse

75 3060 143 3112 negat,
165 3060 221 3100 locus
240 3062 250 3101 l
266 3063 299 3103 Sm
317 3071 334 3112 9,
353 3069 365 3106 8
389 3064 466 3103 allatus
479 3067 515 3115 est,
537 3065 573 3106 ubi
590 3065 699 3106 memoriae
715 3063 802 3104 traditur
817 3076 913 3115 puerum,
937 3063 973 3114 qui

76 3120 125 3160 Saul
141 3123 305 3173 prosequebatur,
322 3126 418 3176 quartam
435 3126 510 3177 partem
526 3127 570 3166 sicli
587 3138 656 3166 secum
672 3125 746 3165 tulisse.
768 3125 795 3164 At
810 3138 834 3165 ex
851 3136 875 3164 co
891 3124 936 3165 loco
952 3124 975 3164 id
