2147 3361
417 78 513 116 Sacrificio
526 80 615 118 universa
918 85 963 129 295

18 252 19 256 ,
69 210 107 252 tali
127 206 247 260 puniantur,
270 208 300 246 est
321 219 344 246 ex
365 205 493 247 institutione
514 207 582 247 divina
602 208 634 248 vel
654 209 747 250 humana.
780 208 880 248 Similiter
901 208 963 247 etium

71 269 146 314 oblatio
168 267 260 307 sacrificii
276 267 298 306 in
314 267 416 307 communi
432 269 464 306 est
480 266 504 308 de
520 269 563 319 lege
578 269 673 317 naturali,
695 271 715 309 et
730 269 775 309 ideo
796 270 816 310 in
835 270 872 309 hoc
893 282 963 308 omnes

70 329 203 377 conveniunt3
226 328 260 368 sed
277 327 419 368 determinatio
436 328 578 369 sacrificiorum
594 331 624 369 est
639 344 662 370 ex
677 330 807 370 institutione
824 331 914 385 humana
930 331 963 370 vel

70 392 181 437 <lirina,et
196 389 242 429 ideo
258 390 280 428 in
295 390 333 428 hoc
350 388 463 428 differunt“.

130 509 150 553 1.
168 505 238 559 Quam
258 509 315 550 recte
336 505 398 563 origo
415 505 566 550 sacrificiorum
582 523 594 550 a
611 506 649 549 deo
665 510 773 563 repetatur
789 511 853 566 atrpre
870 511 962 552 couten-

70 584 132 627 datur
148 595 172 623 ea
188 581 232 622 iam
248 583 298 622 ante
313 580 383 636 legem
399 578 520 632 llosaicam,
536 579 602 623 immo
619 580 661 622 iam
677 581 746 636 prima
761 580 877 625 hominurn
893 583 963 626 aetate

70 654 170 701 instituta
180 667 230 714 esse
246 668 273 696 ex
288 652 322 695 his
338 652 465 701 rationibus
475 656 571 709 apparet:

129 727 227 770 Primum
247 727 304 770 chr
321 730 356 778 11,
373 731 388 774 4
408 726 510 784 legimus:
533 728 601 774 Πίστει
621 731 704 774 πλείονα
724 733 798 774 θυσίαν
817 727 884 787 Ἅβελ
905 734 961 788 παρὰ

69 804 121 849 Kolta
138 807 263 862 προσήνεγκε
284 811 312 861 τῷ
328 806 377 861 θεῷ.
409 799 476 857 Atqui
497 806 560 846 uteru
580 805 654 847 doctor
674 806 783 860 προσάγειν
803 815 867 844 nemo
889 804 961 858 potest

69 876 111 922 nisi
127 874 165 932 qui
180 873 297 917 secundum
312 872 401 916 verbum
418 872 451 916 dei
467 873 584 917 revelatum
600 887 682 916 sacrum
697 873 755 926 facit.
782 873 839 931 llrgo
856 873 910 917 Abel
927 875 959 917 rel

71 967 82 994 a
98 948 137 991 deo
152 947 199 1004 ipso
215 947 249 990 vel
265 947 291 990 ab
308 945 378 989 Adam
393 948 454 1002 patre
471 947 604 990 voluntatem
621 946 714 990 divinam
730 946 755 1007 de
777 947 841 990 sacris
856 946 961 990 faciendis

70 1021 158 1068 rescivit.
191 1019 253 1073 Quod
268 1019 375 1076 posterius
391 1035 440 1063 vero
457 1019 544 1077 propius
560 1034 604 1063 esse
621 1034 701 1073 censeo,
722 1035 747 1063 eo
764 1020 822 1077 quod
838 1020 883 1063 iam
898 1020 963 1076 primi

69 1095 167 1139 lromines
182 1093 256 1136 tunicd
272 1103 308 1140 τοῦ
325 1096 393 1152 ἀρνίου
410 1102 446 1139 coo
462 1095 591 1154 ἐσφαγμένου
607 1095 646 1139 ἀπὸ
667 1097 786 1156 καταβολῆς
806 1101 887 1155 uo'opoo
908 1093 963 1154 (Ape

71 1173 104 1220 13,
121 1167 143 1228 8)
159 1166 263 1210 induendi
284 1166 350 1217 erant,
372 1165 450 1222 quippe
470 1181 518 1209 cum
539 1168 625 1223 peccato
646 1166 720 1209 infecti
735 1166 841 1209 iustitiam
858 1165 963 1210 divinitus

70 1241 141 1284 datam
157 1240 284 1285 amisissent.
875 1248 879 1253 '

128 1342 158 1381 Ex
174 1342 241 1381 verbis
258 1342 289 1381 Gn
306 1347 325 1389 l,
344 1347 367 1383 3:
389 1341 430 1386 ntpp
447 1342 486 1387 ppt)
504 1338 591 1397 (proprie
608 1354 620 1379 d
638 1342 678 1391 fine
693 1342 770 1381 diorum
787 1342 800 1381 i.
818 1339 960 1397 eporedias)

69 1402 164 1443 nonnulli
179 1403 300 1453 interpretes
317 1402 377 1441 etiam
389 1414 429 1452 quo
445 1405 535 1454 tempore
547 1402 597 1442 Abel
607 1402 643 1442 deo
655 1415 732 1441 sacrum
743 1403 814 1442 lecerit
824 1403 962 1442 determinare

69 1464 146 1505 volunt.
178 1463 230 1502 Nam
246 1477 270 1503 ex
286 1476 356 1503 eorum
376 1463 470 1513 opinione
492 1464 552 1502 verba
572 1463 631 1503 allata
651 1463 704 1503 idem
725 1463 841 1515 significant
861 1464 917 1514 quod
937 1465 963 1503 ad

70 1525 142 1567 eaerum
159 1525 207 1564 uerti
222 1525 260 1572 vel,
277 1524 331 1575 quod
347 1523 369 1562 in
385 1523 438 1562 idem
454 1524 531 1571 recidit,
548 1525 604 1563 initio
620 1525 668 1563 αιιοιῖ
682 1526 782 1576 sequentis.
810 1525 846 1564 Oui
862 1524 963 1576 interpre-

70 1585 142 1625 tationi
159 1585 221 1625 etiam
238 1586 269 1625 Ps.
286 1584 423 1624 Jonathan
444 1585 563 1637 adstipulari
579 1584 665 1632 videtur,
688 1585 723 1636 qui
738 1585 836 1636 loquendi
852 1585 962 1625 formulam

71 1647 110 1679 W
124 1646 163 1693 VD*
179 1646 275 1697 explanat
288 1646 436 1685 additamento:
454 1646 500 1692 iffi
514 1646 594 1679 neunt:
605 1645 636 1685 die
647 1647 790 1697 qucrrtodccr'ruo
800 1646 878 1686 mensis
889 1642 961 1686 Nisae.

70 1708 176 1747 Probabile
187 1708 218 1747 est
228 1707 283 1746 Kain
294 1719 374 1759 quoquo
385 1706 454 1746 eodem
464 1708 555 1757 tempore
566 1706 674 1758 eodemque
690 1720 742 1747 anno
760 1707 861 1758 primitias
877 1707 961 1759 frugum

70 1768 175 1819 obtulisse,
196 1768 251 1807 unde
271 1768 292 1808 F.
309 1768 338 1807 de
356 1767 542 1807 Hummelauer
562 1765 644 1822 (eornm.
660 1768 682 1806 in
703 1768 733 1807 (tn
752 1765 802 1823 176)
824 1768 962 1821 colligendum

70 1841 112 1868 esse
128 1830 198 1868 censet
214 1828 310 1868 sacrificia
327 1841 400 1876 annua,
412 1830 530 1876 menstrua,
547 1828 621 1876 messis,
643 1841 693 1879 quae
710 1829 847 1879 compluribus
864 1829 961 1881 gentibus

69 1890 159 1940 antiquis
175 1903 222 1936 cum
233 1889 329 1929 Hebraeis
345 1889 459 1928 communia
475 1892 538 1938 erant,
556 1890 580 1929 ab
596 1889 644 1940 ipsis
660 1902 727 1929 rerum
744 1889 861 1940 primordiis
878 1891 962 1930 initium

70 1963 185 2001 sumpsisse.

130 2032 211 2075 Deinde
222 2033 246 2075 in
257 2032 316 2075 cultu
333 2046 392 2074 sacro
409 2031 540 2075 instituendo
557 2048 599 2076 non
618 2031 712 2075 hominis
728 2032 860 2089 cuiusquam,
877 2032 914 2075 sed
929 2033 963 2076 dei

69 2105 135 2154 solius
156 2106 245 2149 arbitrio
262 2108 283 2149 et
298 2105 377 2163 placito
399 2105 457 2148 locus
478 2120 522 2149 esse
538 2107 612 2163 potest.
644 2106 735 2158 Accedit,
752 2106 810 2163 quod
830 2105 897 2148 homo
914 2120 962 2161 pec-

70 2179 117 2221 cato
132 2178 225 2222 infectus
242 2181 263 2222 et
278 2178 354 2222 mortis
370 2180 468 2221 aeternae
483 2194 531 2222 reus
547 2179 631 2222 nullum
646 2179 723 2223 habeat
734 2180 767 2222 ius
778 2178 893 2230 statuendi,
911 2179 962 2235 quid

70 2250 108 2293 deo
124 2251 206 2307 placeat
221 2253 259 2294 aut
275 2267 317 2308 quo
334 2251 397 2295 mode
414 2251 465 2295 deus
480 2251 614 2295 reconciliari
629 2253 702 2309 possit,
733 2252 791 2310 Ergo
808 2252 870 2309 origo
887 2265 962 2294 eorum

69 2324 227 2377 sacrificiorum,
244 2340 298 2382 quae
309 2325 348 2367 deo
364 2324 451 2381 placent
461 2339 551 2382 eumque
561 2325 685 2381 propitiant,
703 2325 775 2369 divina
786 2325 815 2368 sit
825 2338 910 2368 necesse
925 2328 962 2371 est.

129 2426 186 2465 Nihil
201 2426 333 2466 verisimilius
350 2427 385 2474 est,
403 2439 464 2477 quam
480 2427 504 2466 ab
515 2426 580 2466 Adam
596 2427 643 2476 post
658 2427 736 2477 lapsum
753 2427 822 2466 eadem
838 2438 893 2466 sacra
908 2425 962 2465 faeta

70 2497 113 2525 osse
129 2500 181 2537 quae
197 2488 221 2527 ab
237 2488 294 2527 Abel.
323 2487 375 2526 Nam
391 2487 439 2537 quia
456 2487 487 2526 Gn
504 2494 522 2535 3,
542 2494 565 2528 21
586 2487 635 2526 deus
651 2488 742 2527 homines
759 2487 886 2528 vestimentis
903 2486 961 2537 pelti-

70 2546 109 2586 oeis
130 2547 220 2587 induisse
242 2548 322 2596 (licitur,
345 2560 392 2588 sane
413 2547 508 2587 animalia
528 2548 586 2599 prius
606 2549 692 2588 mactata
714 2550 763 2588 sunt
779 2561 840 2599 quam
856 2547 882 2587 iis
898 2547 961 2597 pelles

69 2606 229 2656 detraherentur,
247 2622 300 2660 quae
315 2609 430 2649 bominibus
442 2608 527 2648 vestitui
538 2611 610 2649 essent.
636 2610 701 2659 Atqui
712 2609 781 2649 eadem
792 2607 886 2648 mactatio
898 2608 961 2647 saeri-

69 2666 136 2708 fieium
151 2669 215 2709 fuisse
231 2670 319 2709 videtur.
350 2668 403 2708 Nam
420 2669 469 2721 quid
485 2670 557 2709 solacii
570 2670 642 2709 fnisset
659 2670 729 2722 primis
746 2669 869 2717 hominibus,
886 2669 903 2708 si
919 2681 962 2708 cor-

69 2729 122 2778 poris
143 2731 226 2770 nuditas
249 2733 324 2783 opertu,
346 2730 408 2769 animi
428 2730 518 2770 nuditati
539 2731 619 2770 nullum
637 2731 747 2770 remedium
763 2733 858 2781 paratum
873 2729 962 2769 fuisset?

69 2789 144 2830 Aderat
160 2794 229 2831 autem
245 2792 289 2831 eius
306 2790 361 2831 modi
371 2791 484 2838 remedium,
503 2792 520 2831 si
531 2792 581 2831 deus
593 2805 644 2843 agno
656 2794 741 2831 mactato
753 2792 855 2830 Christum
871 2790 962 2830 occisum

69 2849 110 2890 sive
126 2854 160 2895 τὸν
176 2851 239 2910 ἀμνὸν
256 2859 292 2895 τοῦ
308 2855 365 2902 θεοῦ,
381 2854 415 2894 τὸν
432 2850 513 2907 αἴροντα
529 2855 565 2910 τὴν
581 2851 678 2909 ἁμαρτίαν
695 2859 729 2895 τοῦ
745 2855 825 2909 κόσμοι)
841 2849 875 2907 (Jo
892 2858 909 2899 1,
922 2846 961 2905 29)

69 2910 178 2956 indicabat.
211 2912 277 2960 Quare
293 2913 343 2953 dens
359 2913 403 2963 ipse
418 2913 481 2952 Adam
498 2914 588 2952 omnium
610 2913 713 2953 hominum
730 2913 819 2964 primum
834 2912 961 2952 sacerdotem

69 2973 199 3013 constituisse
215 2987 303 3025 eumque
318 2974 373 3013 ritus
389 2973 508 3013 sacrificales
524 2974 615 3014 docuisse
630 2974 725 3013 dicendus
742 2975 779 3013 cst.

129 3065 228 3124 Denique
239 3067 365 3111 institutum
378 3066 536 3123 sacrificiorum,
552 3066 654 3124 quoniam
664 3065 719 3122 apud
730 3080 804 3109 ornnes
814 3066 891 3123 gentes
903 3066 961 3109 anti-

69 3151 126 3192 quas,
140 3138 257 3193 invenitur,
280 3138 346 3183 aetati
367 3138 451 3196 generis
471 3138 561 3182 humani
581 3137 667 3195 aequale
687 3137 751 3181 fuisse
773 3137 905 3183 censendum
925 3141 963 3185 est.
