2218 3388
133 94 165 139 94
429 88 475 126 Pars
487 88 502 125 L
524 87 654 136 Antiquitates
667 99 731 126 saetae

135 230 217 257 neeesse
233 218 269 258 est.
296 216 359 262 Quam
376 215 436 265 riam,
453 215 549 267 quoniam
562 216 656 257 omnibus
666 218 727 269 patet,
744 230 812 257 omnes
827 218 858 258 ire
874 218 955 259 debent.
973 210 1029 257 Quae

134 278 204 318 omnia
220 277 312 329 partibus
329 275 411 317 sacrarii
428 278 527 328 outtuque
543 277 666 318 sacrificandi
682 278 768 329 quodam
788 278 848 319 modo
865 275 1028 329 ostentabantur.

134 341 203 390 Atque
219 338 293 379 atrium
310 337 404 377 omnibus
415 338 505 389 potebat,
527 339 567 378 Ara
578 339 659 390 quidem
670 352 714 379 oum
731 339 832 378 sacrifieiis
849 340 940 380 eruentis
956 338 1030 387 idonea

132 404 183 448 erat,
206 413 257 451 quae
279 398 421 443 oons'oientiam
443 399 514 450 eulpae
535 399 631 440 excitaret
652 399 791 450 hominemque
813 400 931 441 admoneret
947 399 1028 452 peecata

61 492 62 495 η
133 472 172 502 sua
191 466 256 513 poena
277 472 320 499 esse
336 460 411 511 digna3
432 460 544 501 destruetis
560 463 628 501 autem
643 460 752 502 hostiorum
768 461 883 512 symbolum
903 464 947 502 eret
964 462 1028 501 animi

133 515 270 574 paenitentiae
292 521 347 572 pleni
368 522 466 572 totusque
488 522 613 562 seorifioandi
635 522 701 562 eultus
717 521 877 573 redemptionem
892 522 1028 575 signifioabat.

131 584 198 623 Labro
215 595 275 623 aeneo
291 595 363 622 rursus
378 581 509 623 indicabatur
525 586 636 635 peecatum,
653 583 746 634 quoniam
763 582 822 623 homo
839 596 862 623 eo
879 584 941 625 adeo
957 583 1026 624 seiun-

133 646 221 697 geretur,
238 643 374 685 amovendum
389 656 437 693 esse,
452 645 477 685 ut
493 644 553 685 homo
570 656 615 684 oum
630 643 666 684 deo
681 639 850 685 reoonoiliaretur.

195 718 278 759 Peooato
294 716 392 756 liberatus
403 717 463 757 homo
478 717 500 756 in
516 717 581 769 gradu
597 718 628 757 est
643 716 875 757 sanotifioationis
885 718 919 757 vei
930 718 990 768 quasi
1006 718 1028 757 in

133 778 277 827 sanctuarium,
293 777 329 817 ubi
345 778 410 829 gratia
426 790 473 818 oum
489 778 526 819 deo
538 778 656 818 oonirrnotus
667 779 702 825 est,
718 777 815 829 pervenit.
836 778 868 818 Ad
884 778 905 818 id
921 780 946 818 ut
957 790 1027 819 omnes

134 841 183 879 sunt
198 840 271 888 venen,
292 838 352 890 pouoi
368 838 431 887 eiecti,
454 839 484 879 ito
499 840 537 880 soii
553 839 662 879 saoerdotes
683 838 705 878 in
725 839 863 878 sanemarium
878 839 1026 879 admittuntur,

131 901 188 948 Eius,
206 900 279 951 quiin
296 900 359 940 altero
375 900 413 939 boo
429 900 495 952 gradu
511 902 557 948 stat,
574 902 605 940 est
614 899 690 939 virtute
706 901 814 940 exerosnda
830 902 891 951 atque
907 902 1027 941 constanter

132 963 228 1013 augenda
244 973 265 1001 se
280 960 402 1012 ipsum-deo
418 961 503 1009 tradere,
520 961 541 1000 id
557 961 611 1011 quod
627 960 721 1000 sooritioio
737 961 877 1012 thymiamatis
893 960 1027 1014 significatur.

131 1022 238 1062 Virtutem
254 1023 323 1061 autem
339 1023 364 1061 ut
380 1019 439 1069 eolat,
460 1021 544 1062 omnino
559 1021 636 1061 iumine
652 1022 672 1061 et
688 1021 731 1062 oibo
747 1033 797 1072 opus
814 1024 855 1070 est3
878 1023 991 1074 utrumque
1008 1022 1027 1068 ei

134 1083 199 1136 gretia
215 1083 284 1123 divino
295 1082 383 1134 praebet,
401 1081 454 1132 quod
471 1082 589 1122 candelabro
607 1095 666 1122 aureo
682 1083 702 1122 et
713 1088 783 1122 mensa
793 1095 870 1133 panum
880 1083 1027 1134 propositionis

129 1144 239 1184 indicatur.

194 1229 328 1269 Unitatem
344 1227 440 1279 perpauci
456 1229 601 1279 assequuntur.
633 1228 671 1276 Qui
686 1229 751 1281 status
767 1228 878 1281 singularis
898 1229 921 1268 in
937 1240 961 1268 eo
979 1241 1026 1269 oon·

130 1290 194 1338 sistit,
212 1290 266 1341 quod
282 1290 341 1329 horno
358 1291 378 1328 et
393 1302 462 1328 rernm
478 1289 499 1328 et
515 1289 626 1341 suiipsius
643 1290 718 1330 oblitus
734 1290 756 1329 in
772 1290 832 1330 deum
852 1290 910 1341 quasi
926 1290 1026 1330 transfor-

129 1352 199 1391 matus
216 1352 257 1399 est;
275 1343 305 1390 est
321 1362 393 1390 aroana
409 1362 455 1390 oum
471 1350 508 1389 deo
520 1351 649 1391 consuetudo.
665 1350 766 1390 Pontifiois
779 1351 862 1390 maximi
877 1364 936 1390 rarus
952 1351 1026 1391 introi-

132 1414 166 1452 tus
182 1412 204 1452 in
220 1410 372 1451 sanctissimum
393 1411 485 1451 tenebris
508 1412 631 1462 completum
647 1414 698 1451 oerte
714 1413 773 1463 aptus
790 1413 825 1458 est,
850 1411 885 1462 qui
900 1412 960 1451 iilam
976 1412 1024 1452 uni-

129 1475 196 1513 ·tntern
211 1474 317 1512 monstret.
349 1472 407 1518 duod
423 1477 490 1511 autem
501 1472 593 1522 pontifex
603 1473 707 1521 maximus,
725 1473 741 1512 si
756 1474 778 1512 in
793 1463 944 1512 sanctissimum
961 1474 1026 1513 intra·

130 1535 173 1583 bat,
194 1546 260 1574 saeros
283 1534 354 1573 odores
376 1536 397 1572 et
413 1533 533 1586 sanguinem
548 1532 677 1573 viotimerum
699 1546 767 1574 secum
783 1533 836 1574 ferre
853 1533 947 1582 debebat,
964 1534 985 1573 id
1002 1546 1025 1573 eo

132 1596 216 1647 spectat,
236 1596 261 1634 ut
276 1608 302 1634 ne
317 1593 354 1633 iiie
370 1593 459 1644 quidem,
481 1590 516 1644 qui
533 1595 634 1634 artissime
650 1607 694 1633 oum
711 1595 747 1634 deo
763 1594 883 1634 eoniunotus
899 1596 935 1643 est,
955 1594 1025 1646 paeni·

128 1656 196 1696 tentia
212 1657 339 1707 peecatorum
355 1656 376 1694 et
391 1667 501 1706 progressu
516 1649 601 1696 virtutis
618 1658 688 1695 eareat.

193 1751 214 1795 3.
246 1747 434 1806 Significatio
457 1748 708 1806 anthropologioa,
735 1748 852 1791 seeundum
875 1764 939 1805 olnam
962 1748 1024 1802 atrio,

129 1822 259 1874 sanctuario,
275 1821 409 1866 sanetissimo
420 1821 514 1865 diversae
525 1821 620 1864 hominis
634 1823 704 1878 partes
722 1822 813 1881 (eorpus,
831 1821 909 1874 anima,
926 1821 1024 1880 spiritus)

130 1897 324 1952 repraesentantur.

193 1996 253 2043 Quam
269 1997 463 2048 interpretationem,
481 2008 532 2046 [pune
543 1995 600 2034 nulio
612 2005 712 2034 sacrarum
727 1995 843 2036 litterarum
861 1995 904 2034 looo
921 2007 1024 2035 commen·

129 2058 199 2097 detur.
216 2058 256 2097 iam
271 2058 294 2098 in
310 2057 390 2108 seriptis
412 2056 535 2097 Philonis
558 2053 624 2110 (velut
639 2057 684 2108 teg.
701 2056 758 2107 uileg.
778 2056 792 2096 i.
809 2061 829 2097 2.
852 2069 897 2107 opp-
914 2056 930 2104 1,
949 2054 986 2110 io)
1004 2059 1024 2096 et

130 2119 275 2159 nonnullorum
296 2119 427 2158 rabbinorum
451 2114 484 2173 (of.
506 2117 583 2157 librum
606 2117 673 2167 Codri,
695 2129 754 2167 quem
776 2117 795 2156 J.
818 2117 934 2156 Buxtorf
952 2117 1023 2165 edidit,

128 2180 155 2231 ii,
175 2177 272 2236 2s-28)
294 2180 387 2231 legimus.
418 2178 523 2230 Imprimis
546 2191 590 2217 eam
606 2177 695 2217 defendit
715 2178 814 2217 Lutber
836 2178 859 2216 in
879 2178 1023 2230 explanatione

131 2241 204 2281 oaniioi
219 2240 334 2293 Magnifioat
350 2238 404 2295 (opp.
421 2239 451 2279 ed.
467 2239 486 2279 J.
503 2239 525 2280 G.
542 2239 639 2286 WaIeh,
660 2237 703 2286 VH,
722 2239 793 2291 1236).
824 2238 890 2278 Etiam
909 2239 930 2279 F.
953 2239 1023 2278 Frie-

127 2297 224 2342 lderieh‘
238 2301 278 2355 (op.
294 2301 326 2342 ali.
344 2307 370 2343 o3
383 2296 416 2356 ss.)
434 2314 478 2339 eam
493 2301 555 2339 tenet.
884 2325 888 2332 »

473 2479 550 2538 Caput
567 2466 681 2525 notarum

128 2609 230 2665 opinio
248 2608 414 2655 criticorum
425 2607 592 2653 recentioris
612 2605 708 2651 aetatis
727 2605 945 2657 tabernaculum
965 2606 1021 2652 toe-

128 2694 215 2750 deriS,
235 2693 312 2750 quod
323 2694 355 2740 in
368 2692 465 2739 oodioe
484 2690 652 2738 sacerdotali
671 2690 849 2748 describitur,
870 2692 906 2738 ad
926 2703 1021 2739 exem·

125 2782 208 2836 'plum
234 2780 261 2825 et
286 2771 442 2834 imaginem
462 2777 562 2834 templi
591 2776 839 2833 Hierosolymitani
865 2767 1022 2825 oonfietum

125 2862 129 2867 “
173 2858 175 2863 ’
219 2861 221 2864 ’
282 2862 285 2869 “
324 2868 326 2872 ⁴
398 2856 536 2909 ‘'''esse
556 2861 675 2908 diluitur
762 2854 772 2869 ²
991 2855 992 2858 ’

189 2992 221 3046 Ex
237 2992 338 3049 opinione
354 3006 433 3044 eornm,
455 2991 492 3048 qui
513 2989 597 3040 scholae
614 2990 702 3038 oritioae
712 2990 834 3045 adbaerent,
845 2990 1022 3033 tabernaculum

126 3066 225 3118 foederis,
242 3065 299 3123 quod
309 3065 339 3108 in
355 3064 425 3108 oodioe
441 3063 568 3107 sacerdotati
583 3056 692 3121 tamquam
702 3066 799 3107 centrum
808 3062 883 3107 >totius
895 3063 970 3106 'cuitus
988 3062 1019 3106 di-

123 3138 174 3182 ·vini
190 3139 336 3182 Hebraeorum
352 3137 485 3189 describitur,
505 3147 624 3193 numquam
639 3137 686 3189 init,
708 3137 744 3181 sed
760 3137 791 3180 aia
803 3138 890 3179 arrotore
903 3135 966 3194 iilius
975 3151 1019 3188 ⁴oo,-
