2147 3361
506 61 567 98 Morbi
943 65 989 108 (575

91 195 141 248 chr,
157 193 264 249 praeterea
279 186 317 230 Jes
333 189 353 237 6,
371 189 394 236 1;
411 188 439 232 36
459 191 476 231 1.
496 183 534 228 ler
547 190 565 237 l,
582 189 619 231 Ze.
634 185 676 244 ab),
693 187 768 242 postea
784 184 902 228 secundum
918 198 988 227 annos

90 249 210 312 ,alienorum
230 274 311 320 regum,
332 257 409 316 quibus
429 258 521 314 populus
543 258 651 302 subiectus
672 261 717 301 erat
740 258 813 318 (Hagg
832 264 849 309 1,
868 262 891 308 1;
915 262 934 308 2,
954 261 987 304 10.

91 340 146 386 sach
162 343 181 390 7,
198 340 217 383 1.
237 334 275 377 Esr
291 336 311 386 4,
329 335 368 381 243
385 335 403 382 t,
422 331 460 381 15}
478 336 497 381 7,
514 335 550 377 la
568 330 616 374 Nelr
633 336 653 381 2,
672 334 694 382 1¹,
711 335 732 383 ἶ),
751 334 789 381 14;
807 335 842 384 13,
859 331 888 391 6).
916 330 988 387 Atque

90 428 140 458 oum
155 408 232 454 ludaei
247 407 332 449 mortuo
349 403 472 446 Alexandro
488 403 569 460 Magno
591 420 604 445 a
620 404 706 447 Seleuco
723 404 734 447 l
751 403 852 448 Nicatore
873 403 987 461 benignis-

91 486 144 530 sime
159 481 306 529 tractarentur,
325 475 484 520 nobilissimam
500 490 571 519 aeram
587 474 750 528 Seleucidarum
770 477 821 520 inde
838 477 864 520 ab
881 479 986 520 autumno

92 557 198 602 ann1312
210 569 227 598 a.
239 551 276 595 bh.
293 550 343 609 (quo
355 548 453 593 Seleucus
464 548 553 592 Nicator
571 549 646 592 ducem
656 549 764 607 Antigoni
779 549 838 593 fudit
853 564 987 607 regnumque

92 630 163 687 Syriae
178 625 270 670 maxime
281 622 400 681 ampliavit)
419 624 572 678 computatam,
588 625 713 679 receperunt
725 627 737 664 ¹.
758 622 799 666 Sed
813 624 882 666 aetate
892 622 987 666 Simonis

93 700 192 761 principis
213 698 248 758 [ab
269 711 326 740 auno
347 700 388 743 rio
404 709 445 738 aer.
462 694 540 739 Selene.
557 717 587 732 =
605 699 684 749 143142
701 711 719 738 a.
735 695 781 754 (lh.)
803 710 871 739 annos
892 696 919 738 ab
940 696 986 753 eius
1015 709 1017 713 ⁴

90 774 213 833 principatu
229 771 352 826 computare
368 768 427 812 soliti
444 771 495 811 suut
511 767 531 826 (Ι
548 767 595 811 lloc
611 772 646 820 13,
663 773 715 815 tls.
733 767 759 814 cf,
777 773 811 820 14,
828 769 865 828 21)
875 773 890 810 2.
917 768 986 812 lllullo

92 848 176 891 demum
196 845 246 900 post
265 841 419 898 rempublicam
440 857 453 884 a
469 840 573 884 Romanis
589 840 719 884 destructam
741 842 775 899 (ut
790 840 879 892 ridetur,
901 842 986 885 saeculo

92 918 204 963 undecimo
225 930 284 959 aerae
307 914 449 973 Christianae)
471 929 552 957 novam
575 916 697 970 temporum
718 912 881 970 descriptionem
901 916 986 975 (octavo

92 991 174 1035 saeculo
196 988 274 1048 ortam)
295 990 421 1044 receperunt
437 1002 549 1044 annosque
569 987 622 1030 inde
643 986 753 1030 ermundo
769 989 882 1043 procreato
899 1002 986 1044 compu-

90 1066 172 1116 tarunt,
188 1077 251 1120 quem
267 1075 348 1105 morem
364 1059 429 1104 etiam
445 1075 504 1104 nuno
520 1063 646 1117 sequuntur.

155 1175 242 1222 1ouam
258 1188 323 1215 aeram
346 1171 414 1229 (quarn
431 1168 499 1220 hillel?
516 1174 550 1220 titi}
572 1186 642 1213 aaroni
657 1178 793 1213 contrariarum
813 1173 919 1220 rorabant,
941 1186 987 1213 oum

89 1236 164 1277 ludaei
184 1242 208 1276 ea
227 1231 250 1275 in
266 1236 401 1276 contractibus
422 1235 454 1274 uti
474 1231 569 1288 solerent)
592 1234 702 1286 scriptores
719 1235 829 1285 utriusque
849 1234 896 1273 libri
912 1235 987 1274 blacca-

92 1299 186 1337 baeorum
197 1298 303 1347 usurpant.
325 1296 363 1337 Sed
374 1296 522 1336 observandum
539 1299 571 1336 est
582 1299 685 1336 auctorem
702 1295 750 1335 libri
766 1296 840 1347 prioris
856 1308 892 1346 pro
904 1295 987 1335 Judaeis

92 1360 114 1398 in
130 1357 244 1397 Palaestina
260 1357 430 1397 commorantibus
447 1358 505 1397 annis
521 1356 583 1396 sacris
600 1356 622 1395 in
639 1356 793 1408 computatione
809 1356 840 1396 uti
856 1356 896 1396 ie.
912 1370 986 1396 annum

90 1433 103 1458 a
115 1431 182 1458 mense
193 1417 256 1457 nisan
273 1418 321 1457 anni
334 1423 375 1460 312
392 1418 491 1463 incohare,
509 1420 613 1457 auctorem
624 1417 672 1457 libri
684 1417 809 1468 posterioris,
826 1430 870 1456 oum
883 1424 986 1468 com-puta-

92 1479 167 1518 tionem
177 1478 259 1517 Jasonis
275 1479 348 1526 servet,
365 1478 423 1517 annis
435 1478 528 1518 civilibus
545 1478 576 1517 uti
594 1478 607 1518 i.
619 1492 635 1518 e.
648 1482 763 1529 temporum
780 1478 880 1518 rationem
897 1492 987 1518 a‘mense

91 1539 144 1579 'tisri
160 1539 202 1578 eius
218 1539 264 1577 anni
280 1538 380 1589 incohare,
401 1539 430 1578 ita
446 1540 510 1579 atde
527 1541 618 1590 tempore
634 1539 782 1579 nonnullarum
798 1552 867 1579 rerum
883 1542 988 1591 gestarum

92 1599 189 1650 quaedam
205 1599 318 1638 differentia
334 1600 436 1640 exoriatur
457 1600 490 1654 (cl.
507 1600 516 1639 Ι
532 1601 574 1639 aree
592 1606 610 1649 6,
630 1607 655 1642 la
674 1613 719 1639 oum
736 1600 762 1650 H,
783 1608 814 1649 11,
832 1607 872 1649 21,
888 1601 903 1648 Ι,
922 1608 941 1649 6,
959 1607 985 1642 20

90 1673 138 1699 oum
154 1660 178 1709 ΙΙ,
197 1665 230 1707 13,
250 1666 273 1707 1.,
289 1660 304 1707 Ι,
322 1665 341 1709 7,
360 1668 368 1702 1
387 1673 433 1700 oum
449 1661 475 1709 ll,
494 1666 526 1709 14,
544 1658 571 1716 4).

155 1734 163 1758 2
179 1733 207 1771 De
224 1733 358 1772 Rornanorum
374 1733 399 1773 ab
415 1734 464 1773 urbe
481 1733 560 1774 condita
576 1747 621 1774 aera
637 1736 659 1775 et
675 1734 699 1774 de
711 1734 833 1774 Graecorum
845 1734 988 1787 Olympiadum

92 1806 138 1833 aera
154 1793 175 1833 in
191 1792 252 1832 sacris
267 1793 342 1832 litteris
358 1794 438 1833 nullum
456 1794 567 1846 vestigium
583 1795 694 1836 invehitur.

417 2047 515 2092 Sectio
533 2049 660 2105 septima

120 2169 169 2219 De
189 2169 336 2221 morbis
357 2172 392 2221 et
411 2174 548 2234 morte,
570 2175 775 2237 sepultura
795 2177 831 2226 et
850 2174 959 2226 luctu

438 2313 514 2371 Caput
530 2317 641 2372 prinnini
679 2367 681 2370 ,

449 2442 492 2486 De
511 2444 621 2491 morbis

153 2555 257 2595 Praesidio
268 2557 373 2597 auerrione.
390 2583 420 2588 -—
437 2561 473 2603 Ch.
485 2561 505 2602 T.
517 2562 538 2601 E.
550 2563 690 2613 Reinharrl
703 2563 902 2611 Bibolhrankheiteu,
914 2564 989 2604 welche

92 2616 121 2655 im
137 2616 190 2656 alten
206 2617 321 2657 Testament
341 2620 478 2662 vorhommen.
506 2623 721 2676 Franhiurt-Leipzig
739 2629 802 2668 1767,
824 2647 853 2652 —-
876 2625 895 2664 J.
911 2624 948 2664 Oh.
966 2626 988 2665 G.

94 2677 266 2727 Aehermann‚
291 2679 455 2734 Erlauterungen
478 2683 596 2737 rlerjenigen
619 2685 764 2737 Kranhbeiten,
787 2685 849 2724 deren
871 2685 899 2724 im
921 2699 989 2726 neuen

92 2737 208 2778 'Testament
228 2739 358 2792 Erwahnung
379 2744 489 2793 geschicht.
516 2746 567 2785 Gara
587 2753 651 2789 1184.
678 2770 707 2774 -
734 2742 773 2788 Th.
789 2746 889 2796 Sapler‚
912 2747 990 2787 Medica

95 2811 149 2838 sacra
165 2812 188 2838 or
204 2801 260 2839 short
276 2802 389 2851 exposition
406 2804 428 2844 of
441 2804 476 2844 the
493 2819 547 2846 more
558 2807 674 2858 important
690 2807 777 2846 diseases
789 2806 904 2846 mentioned
921 2808 943 2846 in
955 2808 990 2848 the

94 2859 162 2899 sacret
178 2861 278 2913 writings.
299 2862 382 2903 London
401 2870 464 2907 1834.
481 2890 509 2895 -
528 2868 549 2909 P,
566 2868 587 2920 Ρἶ
604 2868 714 2916 Trusen,
733 2868 861 2919 Darstelluug
877 2868 913 2907 cler
929 2868 989 2908 bibli·

95 2919 154 2959 sclren
165 2921 302 2963 Krankheiten
318 2923 360 2963 una
376 2925 411 2965 der
422 2926 459 2966 aut
472 2927 505 2967 die
517 2929 604 2968 llesliain
620 2928 750 2981 beztglichen
762 2928 839 2968 Stellcn
855 2929 890 2968 der
901 2929 991 2982 heiligen

95 2979 174 3020 Schrift.
197 2983 262 3023 Posen
280 2990 343 3027 1844.
364 3009 394 3014 -
418 2987 438 3026 P.
455 2988 566 3038 Pruner,
588 2990 624 3028 Die
640 2989 780 3029 incantatur
797 2990 830 3028 des
846 2989 931 3030 Orients.
954 2991 990 3030 Er-

92 3040 243 3156 }ffiessfft}
260 3068 290 3073 -
306 3046 324 3163 {l
336 3046 494 3100 Benainger,
506 3050 646 3090 Kranhbeiten
656 3051 699 3090 und
710 3050 825 3090 Heilkunde
837 3050 872 3090 der
882 3051 991 3101 Israeliten

192 3120 197 3152 ι’
215 3111 226 3145 6
244 3112 304 3149 -79
317 3127 331 3147 .’

893 3183 929 3219 aa·
