2165 3388
110 82 155 126 392
406 79 452 116 Pars
465 79 479 117 I.
500 79 634 125 Antiquitates
647 90 710 116 sacrae

172 205 245 245 Contra
262 218 313 257 quoe
329 206 378 246 haec
394 205 491 246 dicimus:
508 207 591 247 Minime
608 207 660 247 illud
677 207 758 259 quirlem
774 206 890 258 negandum
907 206 937 245 est
954 219 1007 246 corn-

111 267 179 317 plures
199 268 270 319 geutes
293 267 388 317 antiquas
408 269 433 307 ut
449 267 552 309 Hebraeos
573 268 672 321 religione
688 267 731 308 voti
752 267 877 306 nuniraeatus
899 267 1007 307 obstrictos

111 339 188 367 comam
209 327 329 378 promissam
350 330 413 379 atque
433 330 525 381 tempore
544 330 651 370 interiecto
672 330 751 369 tonsam
768 327 807 367 diis
828 340 945 369 consecrare
961 341 1007 368 con-

110 389 207 429 suevisse.
238 388 268 426 Hx
289 401 328 439 quo
349 391 418 429 tamen
439 403 572 441 nequaquam
593 390 661 443 colligi
682 402 742 441 posse
762 389 866 430 Hebraeos
887 388 955 441 ipsum
971 402 1006 429 na-

110 449 221 489 ziraeatum
238 450 262 488 ab
279 449 385 502 Aegyptiis
406 451 471 491 aliave
492 454 553 503 gente
574 452 678 491 mutuatos
695 463 738 490 esse
753 450 854 490 neminem
876 450 1007 502 opinionibus

110 511 157 549 ante
174 509 276 562 conceptis
292 510 378 550 liberum
394 511 457 564 fugit.
483 512 536 552 Nam
553 513 608 563 quot]
625 511 678 563 apud
690 510 802 563 Aegyptios
819 512 839 550 et
856 510 905 550 alios
921 511 1008 562 gentiles

110 570 179 623 capilli
196 570 235 610 diis
252 572 427 623 consecrabantur,
449 573 470 613 id
486 587 528 613 non
544 574 609 614 solum
625 573 694 622 forma,
716 572 751 611 sed
768 573 829 612 etiam
846 572 928 612 consilio
944 586 956 611 a
971 586 1007 612 na-

110 632 198 672 iiraeatu
209 631 353 672 Hebraeorum
373 647 458 685 prorsus
474 635 573 682 distabat3
596 633 683 686 gentilos
700 633 754 674 enim
770 633 799 673 ita
815 647 827 672 a
843 632 881 672 diis
898 633 1007 684 impetrare

111 692 225 741 studebant,
247 694 272 733 ut
288 693 376 745 sibivel
391 696 465 736 bonam
481 695 619 736 ualetudinem
637 695 781 734 conservarent
796 694 829 735 vel
845 694 933 745 aegrotis
950 694 1006 733 auri-

110 753 160 793 lium
176 754 303 805 praeberent,
323 757 348 795 ut
364 768 385 796 se
400 756 540 807 periclitantes
556 757 592 795 aut
608 755 758 806 proficiscentes
773 756 887 803 tuerentur,
904 768 915 794 a
931 755 1007 806 quibus

110 815 170 854 rebus
191 815 318 869 naairaeatus
338 829 422 867 prorsus
442 817 542 858 abhorret.
575 816 613 858 Sed
629 816 715 869 genti-les
732 812 770 856 alie
787 829 869 868 quoque
885 828 946 856 causa
961 829 1007 868 per-

110 875 161 915 moti
182 888 259 915 comem
281 878 431 919 consecrabant.
463 878 610 918 Adulescentes
633 877 687 917 enim
708 877 783 926 crines,
805 876 905 929 imprimis
926 876 1006 924 barbae,

110 936 147 976 ubi
163 949 196 977 eos
212 950 278 989 usque
295 937 319 977 ad
335 939 465 991 pubertatem
481 939 579 988 aluerant,
595 938 621 977 iis
633 938 672 977 diis
689 950 803 978 consecrare
819 939 915 987 solebant,
932 938 1007 989 quibus

110 998 141 1039 vis
161 998 273 1050 generandi
293 1000 361 1050 aliquo
378 999 441 1039 'modo
463 998 615 1052 significabatur
636 996 741 1055 (Apollini,
761 999 808 1040 §lori
825 995 941 1050 Capitolino,
957 999 1007 1038 Her-

112 1058 168 1113 culi),
190 1071 237 1099 cum
258 1060 384 1100 nazireeetus
406 1060 490 1100 minime
511 1061 536 1099 ad
556 1060 686 1112 pubertatem
709 1061 792 1111 spectet.
823 1060 894 1111 Neque
915 1056 969 1099 enim
990 1061 1007 1099 si

111 1115 198 1160 naziraei
218 1120 357 1161 adulescentes
378 1123 445 1169 erant,
467 1121 489 1160 id
510 1121 565 1172 quod
585 1123 606 1161 J.
624 1122 709 1172 Speuccr
729 1134 753 1161 ex
774 1122 823 1161 locis
843 1121 883 1161 Am
900 1128 920 1169 2,
938 1128 964 1163 11
987 1123 1008 1160 et

112 1181 166 1220 Thin
183 1186 203 1230 4,
222 1189 233 1224 7
257 1181 341 1233 colligit,
362 1181 488 1222 naciraeatus
505 1182 530 1221 ad
545 1182 676 1233 pubertatem
696 1182 814 1222 referendus
835 1184 870 1222 est.
902 1182 955 1221 Nam
971 1182 1007 1221 lio-

111 1242 175 1281 mines
196 1242 264 1294 longis
285 1242 363 1293 capillis
384 1255 465 1295 semper
481 1243 496 1282 ii
513 1245 576 1292 eraut,
598 1242 635 1295 qui
651 1244 716 1283 aetate
736 1243 841 1292 florebant,
862 1244 883 1282 et
898 1243 950 1282 tales
965 1238 1007 1282 illis

109 1302 158 1342 locis
175 1302 322 1355 designantur3
343 1316 401 1343 senes
419 1305 489 1344 eutem
506 1304 532 1344 ob
548 1317 593 1344 eam
608 1304 673 1355 ipsam
694 1316 773 1344 causam
789 1305 861 1344 votum
880 1299 1008 1343 naziraeatus

111 1362 214 1415 suscipere
230 1375 271 1404 ncn
287 1366 387 1416 poterant.
420 1366 514 1405 Ceterum
530 1365 626 1405 inlibris
643 1361 704 1405 sacris
719 1378 821 1416 nusquam
836 1365 861 1404 de
876 1364 951 1405 barbae
968 1364 1007 1404 cri-

111 1420 172 1464 nibus
193 1424 331 1464 naziraecrum
352 1438 417 1465 sermo
438 1427 479 1475 est;
497 1425 563 1466 immo
579 1423 628 1466 vero
643 1426 697 1465 illud
712 1428 783 1467 votum
799 1427 820 1466 et
836 1440 847 1465 a
863 1425 943 1465 feminis
959 1428 979 1466 et
996 1440 1007 1465 a

111 1486 159 1526 viris
176 1485 252 1537 suscipi
268 1487 349 1538 poterat
366 1484 415 1542 (Nm
428 1494 447 1536 6,
460 1485 487 1541 2),
505 1500 545 1537 qua
557 1488 600 1526 sola
610 1500 633 1527 re
643 1486 679 1525 illa
690 1487 813 1539 comparatio
829 1487 915 1527 tollitur.
943 1486 1007 1534 Quare

112 1547 225 1597 complures
240 1546 279 1587 viri
295 1547 350 1606 docti
366 1545 400 1604 (ut
415 1549 439 1590 G.
454 1548 479 1589 Β,
496 1548 569 1600 trano,
589 1547 610 1587 0.
628 1548 651 1588 F.
667 1548 718 1600 Keil,
736 1548 758 1588 P.
775 1547 850 1599 Selloe,
871 1545 1007 1603 scisceret)

112 1608 182 1647 contra
202 1607 316 1659 opinionem
337 1610 476 1649 nazirueaturn
497 1608 638 1649 Hebraeorum
659 1623 670 1648 a
690 1604 787 1661 religione
809 1608 920 1661 gentilium
941 1610 1008 1648 ortum

112 1680 155 1708 esse
170 1668 215 1708 iure
232 1668 332 1710 dixerunt.

172 1766 195 1807 Ε.
206 1766 230 1806 W.
242 1766 445 1819 Hengstenberg
461 1766 507 1820 (Die
522 1766 602 1806 Bttcher
617 1766 687 1807 lllose’s
702 1767 745 1806 unrl
758 1767 802 1819 Aeg
817 1764 1007 1822 pten199—205)

111 1828 154 1879 ipse
170 1826 275 1867 contendit
290 1827 342 1866 nihil
357 1828 483 1867 uaciraeatui
495 1827 635 1868 Hebraeorum
646 1823 711 1869 simile
728 1827 782 1879 apud
793 1827 906 1880 Aegyptios
923 1828 1008 1879 reperiri

112 1900 170 1940 posse
190 1883 230 1928 nisi
251 1888 420 1929 consecrationem
443 1888 537 1939 crinium,
559 1901 612 1939 quae
632 1901 673 1928 non
693 1889 714 1928 in
735 1888 839 1940 religione,
860 1888 895 1928 sed
915 1889 938 1928 in
953 1902 1008 1929 more

112 1950 179 2001 gentis
195 1949 309 2001 Aegyptiae
325 1950 391 2001 posita
407 1949 440 1989 sit.

457 2104 534 2162 Caput
551 2105 666 2160 quartum

472 2233 513 2279 De
532 2232 648 2279 ieiuniis

173 2376 268 2416 Conferas
284 2377 342 2417 tract.
360 2376 447 2416 Tareina
464 2372 493 2432 (M
509 2377 534 2426 Π,
549 2373 578 2432 9).
593 2399 624 2405 -
640 2377 661 2416 F.
677 2376 790 2426 Bittner,
807 2376 835 2415 De
852 2377 972 2417 Graecorum
988 2382 1009 2417 et

112 2439 249 2479 Rornanorum
258 2436 323 2487 deque
330 2436 466 2477 Hebraeorum
478 2440 499 2477 el
508 2433 669 2478 Christianorum
680 2437 742 2478 sacris
752 2437 841 2478 ieiuniis.
857 2439 934 2478 Poenae
945 2443 1009 2481 1846.

136 2567 137 2570 “
173 2545 193 2591 Ι.
210 2542 296 2599 Duplex
307 2544 352 2602 erat
362 2543 510 2587 Hebraeorum
525 2543 665 2587 ieiunium
682 2543 740 2603 (tlt),
755 2558 824 2596 unum
841 2557 956 2587 commune
966 2541 1009 2587 sive

112 2616 230 2674 publicum,
252 2615 344 2659 alterum
360 2616 479 2672 privatum3
501 2631 615 2660 commune
632 2618 703 2660 autem
718 2631 804 2663 rursum
821 2615 904 2673 duplex,
923 2617 957 2660 vel
974 2631 1009 2660 cr-

113 2690 221 2734 dinarium
237 2688 269 2732 ve]
293 2689 492 2736 extraordinarium.
524 2689 639 2733 Publicum
655 2688 760 2732 ieiunium
777 2688 947 2732 anniversarium
963 2689 1009 2732 iure

113 2764 186 2808 (lirino
203 2777 273 2806 uuum
289 2763 394 2806 statutum
409 2765 456 2806 erat
471 2763 536 2821 idque
548 2762 581 2806 die
597 2762 708 2806 sollemnis
724 2761 854 2819 expiationis
871 2761 911 2821 (Lu
923 2766 957 2815 16,
969 2766 1009 2814 29;

113 2841 149 2893 23,
166 2842 200 2886 27.
224 2835 269 2880 Nm
286 2839 321 2888 29,
338 2835 372 2895 7);
395 2837 433 2880 sed
453 2839 529 2893 postea
550 2837 665 2893 perpetuae
686 2835 795 2879 malorum
817 2835 953 2892 quorundam
974 2836 1009 2880 in-

113 2911 234 2969 signiorum
254 2910 370 2953 memoriae
391 2913 455 2954 causa
476 2909 587 2966 complura
608 2909 650 2953 alia
665 2909 766 2953 instituta
782 2910 839 2961 sunt,
859 2910 885 2952 ut
901 2909 934 2952 elie
950 2923 1008 2953 nono

112 2984 191 3028 mensis
207 2983 277 3042 quarti
292 2982 411 3043 (Temnon)
429 2983 456 3027 ad
472 2983 599 3027 memoriam
615 2981 812 3039 Hierosolymorum
823 2997 835 3024 a
846 2981 956 3026 Chaldaeis
972 2997 1008 3034 ei·-

112 3059 259 3115 pugnatorum
282 3055 329 3116 (Jer
345 3059 380 3115 52,
398 3062 438 3105 sss,
460 3056 536 3112 Bubyl.
553 3055 625 3099 Rosclr
644 3056 754 3100 lrasclrana
776 3055 852 3115 18l)1,
873 3055 906 3099 elie
926 3056 1009 3099 decimo

113 3131 191 3174 mensis
208 3130 280 3188 quinti
296 3129 345 3189 (ab)
367 3131 394 3174 ob
410 3130 487 3186 templi
503 3129 698 3185 Hierosolymitani
718 3128 889 3174 combustionem
912 3129 958 3191 (Jer
974 3134 1009 3182 52,
