2147 3361
350 73 446 110 Sacrificia
459 85 494 121 pro
507 76 586 121 peccato
599 75 619 111 et
631 84 665 122 pro
679 73 747 110 delicto
951 78 995 120 32?

101 201 172 256 populi
188 199 331 248 offerebantur,
348 213 389 240 non
405 200 567 249 comedebantur,
579 201 614 241 sed
630 202 651 241 ln
667 201 725 241 altari
740 200 887 247 cremabantur,
900 199 995 250 quoniam

102 265 196 320 κρείττων
213 256 279 310 οὐδεὶς
295 259 408 318 ἀρχιερέως
424 259 438 317 ἢ
454 266 490 303 τοῦ
506 259 580 311 ἔθνους
601 261 659 310 ἐστίν,
676 261 699 312 ὃς
715 259 876 319 ἁμαρτησάντων
891 263 995 317 γενήσεται

102 324 233 380 rupaeclarae.

164 396 220 442 uuor
237 396 351 436 sacerdotes
368 409 447 436 carnem
464 396 577 437 hostiarum
593 410 630 448 pro
646 399 726 448 peccato
747 396 883 443 comedebant,
900 395 995 435 nonnulli

103 458 194 501 homines
215 457 270 497 docti
292 454 357 513 (velut
378 458 399 498 E.
416 457 446 496 W.
463 457 624 510 Hengstenberg,
648 458 666 497 O.
683 458 704 500 F.
720 459 770 507 Keil,
793 458 814 499 [l.
835 457 859 497 H.
880 458 903 496 A.
920 456 994 504 Euald,

102 521 126 561 H.
143 514 253 574 Zschokke)
274 518 297 558 in
317 519 378 558 rebus
400 518 475 558 divinis
497 531 603 558 numerare
624 520 739 567 voluerunt,
762 532 808 559 cum
828 518 918 558 dicerent
937 530 994 557 esum

102 581 161 621 illurn
177 581 201 618 ut
216 578 400 630 incorporationem
415 579 491 630 peccati
507 580 540 618 vel
556 579 634 619 hostiae
649 582 730 631 peccato
746 582 831 620 onustae
847 574 949 630 peccatum
961 592 994 619 ex·

103 645 167 694 piasse
182 640 251 692 itaque
267 652 308 679 non
324 641 389 681 solum
406 640 557 691 adspersionem
574 640 685 693 sanguinis,
702 641 736 680 sed
753 641 813 681 etiam
829 653 884 680 esum
894 640 959 680 carnis
970 638 995 679 ad

103 701 238 753 expiationem
252 701 382 752 pertinuisse.
412 700 476 747 Quam
493 701 614 741 sententiam
630 701 716 753 probare
733 702 817 741 student
833 701 898 741 verbis
915 701 944 741 Lu
962 707 994 749 lo,

106 771 143 806 17:
165 762 242 812 „Quare
262 775 303 802 non
325 762 441 802 comedistis
462 762 549 802 hostiam
569 775 606 814 pro
627 765 709 813 peccato
731 763 753 802 in
768 763 812 803 loco
828 774 889 810 sacro,
906 774 951 801 cum
968 762 995 801 sit

104 825 229 865 sacrosancta
244 823 341 873 illamque
357 823 416 863 vobis
433 819 514 879 (Jahve)
531 823 616 871 dederit,
633 825 658 863 ut
672 822 768 862 auferatis
778 823 908 873 iniquitatem
919 816 998 869 coetus,

103 886 128 926 ad
144 884 266 935 expiandum
282 897 315 924 eos
331 884 354 923 in
370 886 479 935 conspectu
496 881 580 940 (coram)
597 884 681 932 Jahver,
698 897 759 935 quern
779 885 846 923 locum
866 883 906 923 iarn
922 883 994 924 Corne-

103 947 143 986 lius
159 959 171 985 a
186 944 261 996 Lapide
277 945 307 984 ita
323 945 420 997 explicat:
438 946 475 994 „ut
491 958 537 985 cum
553 945 624 985 hostiis
640 945 712 996 populi
723 958 758 996 pro
770 946 851 996 peccato
862 944 923 984 simul
933 944 995 984 etiarn

103 1008 185 1059 peccata
200 1006 271 1057 populi
287 1005 309 1045 in
326 1019 361 1047 vos
371 1006 430 1057 quasi
446 1006 553 1058 recipiatis,
570 1008 594 1045 ut
610 1006 646 1045 illa
662 1006 746 1057 expietis
762 1008 782 1046 et
797 1018 833 1057 pro
850 1018 919 1045 eorum
935 1005 996 1045 venia

104 1069 163 1107 deum
179 1066 333 1118 deprecemini“.
356 1067 382 1106 At
398 1080 421 1106 ec
437 1067 480 1106 loco
496 1080 537 1108 non
548 1066 625 1107 dicitur
636 1066 779 1115 sacerdotibus,
791 1079 837 1106 cunr
849 1078 928 1106 carnem
938 1066 995 1106 illius

103 1129 180 1169 hostiae
196 1127 308 1175 comedant,
325 1130 407 1178 pearata
422 1128 493 1179 populi
504 1128 603 1179 expianda
614 1140 662 1176 esse,
674 1128 728 1179 quod
739 1128 779 1167 iam
790 1127 888 1179 sanguine
900 1127 994 1179 adsperso

103 1191 179 1229 lactum
195 1191 231 1238 est,
248 1189 284 1228 sed
299 1189 379 1229 Jahven
394 1189 532 1229 sacerdotibus
549 1201 629 1229 carnem
646 1190 723 1229 hostiae
744 1202 779 1241 pro
802 1190 882 1240 peccato
897 1191 923 1229 ut
938 1202 995 1240 prae-

103 1250 168 1291 mium
184 1250 269 1298 dedisse,
286 1250 341 1301 quod
356 1251 422 1291 hostia
437 1250 473 1289 illa
488 1250 556 1290 oblata
572 1252 654 1301 peccata
668 1250 740 1301 populi
751 1250 860 1301 expiarent.
881 1249 945 1289 Locus
955 1249 994 1301 igi-

103 1314 138 1351 tur
154 1311 227 1350 allatus
243 1311 312 1350 eadem
328 1313 359 1351 est
375 1311 477 1351 sententia
492 1324 533 1362 qna
548 1311 576 1350 Lv
594 1319 612 1360 7,
631 1318 642 1352 7
651 1327 655 1352 :
674 1311 745 1359 „Sicut
761 1310 880 1350 sacrificium
895 1323 932 1361 pro
947 1323 994 1362 pec-

104 1374 154 1419 cato,
170 1371 200 1411 ita
216 1371 337 1411 sacrificium
353 1385 389 1423 pro
406 1371 489 1418 delicto;
507 1371 574 1411 eadem
591 1371 630 1411 illis
647 1373 679 1412 lex
695 1374 726 1411 est
742 1372 821 1422 eritque
832 1371 947 1420 sacerdotis,
959 1371 995 1422 qui

104 1446 139 1485 per
149 1432 170 1472 id
181 1433 260 1483 expiat‘
277 1431 297 1485 (i.
309 1445 325 1475 e¹
336 1433 361 1472 ad
378 1446 423 1472 eum
441 1432 564 1472 sacerdotem
580 1433 646 1473 hostia
662 1434 698 1472 illa
713 1432 830 1484 pertinebit,
847 1433 883 1483 qui
898 1446 935 1484 per
951 1446 994 1473 cam

104 1495 208 1545 peccatum
224 1493 310 1533 alicuius
327 1490 403 1550 expiat)
419 1495 440 1533 et
450 1494 479 1533 ΙΝ
491 1500 509 1542 6,
525 1500 561 1536 19:
579 1494 694 1543 „Sacerdos
711 1494 747 1545 qui
757 1494 860 1533 victimam
872 1493 995 1543 piacularem

104 1555 162 1595 offert
179 1552 200 1611 (i.
217 1568 233 1594 e.
249 1554 346 1594 sacrificio
362 1554 435 1605 expiat,
452 1567 499 1594 nam
516 1555 558 1593 ⁸³le
570 1555 651 1606 proprie
667 1557 697 1594 est
713 1553 808 1607 captare),
826 1555 917 1594 comedet
932 1558 994 1595 eam“.

104 1615 179 1662 (ruodsi
195 1615 286 1655 sacerdos
303 1628 383 1655 carnem
399 1615 477 1655 hostiae
493 1629 530 1666 pro
546 1618 627 1666 peccato
647 1616 739 1663 comedit,
756 1615 777 1655 id
792 1615 845 1654 nihil
860 1615 916 1656 aliud
932 1616 995 1667 signi-

103 1676 151 1716 ficat
171 1677 210 1722 nisi
230 1676 354 1716 sacerdotem
374 1677 399 1715 ut
414 1676 530 1716 ministrum
547 1676 624 1716 Jahvae
645 1677 707 1716 etlam
727 1677 752 1716 de
773 1689 842 1716 mensa
858 1677 891 1716 vel
910 1677 934 1715 de
950 1676 995 1716 cibo

104 1738 179 1777 Jahvae
195 1737 314 1777 alimentum
330 1750 390 1777 suum
407 1737 501 1788 accipere,
519 1750 565 1777 curn
580 1737 644 1777 Jahve
665 1738 684 1777 ei
707 1750 774 1777 ornnes
794 1739 868 1789 partes,
885 1751 934 1789 quas
955 1750 996 1777 non

104 1798 198 1838 sacrificio
214 1798 319 1838 combusto
335 1798 372 1837 sibi
388 1799 432 1849 ipse
448 1798 543 1846 vindicat,
560 1801 584 1837 ut
600 1799 668 1838 cibum
684 1799 789 1839 condonet.

163 1929 212 1974 ΙΙΙ.
229 1927 379 1971 Sacrificia
395 1943 444 1985 pro
461 1928 566 1972 delicto
582 1929 662 1985 populo
679 1943 725 1971 non
741 1930 803 1971 erant
813 1928 948 1985 praescripta,
959 1927 996 1971 secl

103 2000 193 2059 singulis
209 2001 312 2058 personis,
328 2001 391 2058 idque
406 2001 468 2043 nullo
484 2001 607 2058 principum
623 2003 661 2044 aut
676 2000 791 2044 bominum
807 2000 941 2057 privatorum
951 2000 994 2044 dis-

104 2074 192 2118 crimine
212 2075 294 2118 statuto
314 2074 418 2131 nullaque
438 2074 567 2131 pauperibus
587 2089 686 2117 concessa
701 2073 842 2131 indulgentia.
874 2075 943 2132 Atque
959 2089 995 2117 sex

103 2148 125 2190 in
138 2148 216 2192 litteris
228 2147 292 2191 sacris
302 2150 456 2191 enumerantur
467 2139 550 2200 delicta,
562 2155 616 2205 quae
627 2148 666 2191 tali
677 2147 780 2191 sacrificio
792 2148 873 2204 expiari
884 2150 995 2203 poterant:

164 2245 187 2303 l)
204 2244 226 2289 Si
241 2245 289 2302 quis
305 2260 343 2302 per
358 2260 451 2288 errorem
468 2246 479 2304 [ι
489 2244 543 2305 litte)
560 2244 643 2301 aliquid
659 2245 685 2288 de
700 2245 764 2288 rebus
780 2245 845 2288 sacris
861 2246 909 2304 (ctat
920 2243 995 2304 thiat)

103 2318 262 2371 interverterat,
275 2318 334 2362 velut
350 2318 449 2361 decumas
465 2318 498 2362 rel
513 2317 619 2375 primitias
636 2333 680 2361 non
697 2318 795 2370 solverat,
811 2332 850 2375 pro
861 2320 947 2374 peccato
958 2318 995 2361 illo

103 2391 136 2434 vel
157 2391 243 2436 arietem
264 2392 374 2448 integrum
395 2391 470 2434 offerre
486 2391 520 2434 vel
536 2392 569 2434 tot
585 2390 647 2434 siclos
664 2393 776 2448 argenteos
793 2381 926 2450 (Dtdtt'tltd)
943 2394 994 2435 recti

103 2467 124 2507 et
144 2465 195 2508 iusti
215 2465 316 2522 ponderis
336 2464 366 2521 (id
387 2464 445 2507 enim
466 2464 536 2507 verbis
552 2455 666 2513 &iahtsah
682 2464 805 2524 indicatur),
826 2466 879 2521 quot
898 2463 994 2508 sacerdos

103 2538 252 2591 constituebat,
269 2538 349 2581 solvere
366 2537 467 2588 debebat;
484 2538 572 2594 insuper
587 2537 695 2581 restitutio
712 2537 748 2589 rei,
770 2537 842 2580 addila
857 2537 934 2594 quintal
950 2537 995 2580 eius

102 2613 167 2665 parte,
183 2611 313 2669 praescripta
329 2613 374 2654 erat
390 2611 430 2671 (hv
446 2614 466 2662 ἵν,
484 2613 511 2658 15
523 2612 554 2670 a).

163 2712 228 2752 Verba
245 2700 362 2759 Dtbr'ffi'rtffl
379 2711 429 2763 quid
445 2712 531 2762 valeant,
548 2712 671 2764 interpretes
693 2711 823 2751 dissentiunt
854 2713 921 2762 rltque
942 2724 995 2751 com-

104 2772 170 2821 plures
187 2770 249 2829 (inter
266 2773 388 2824 quosctiam
400 2769 545 2828 Hieronymus)
557 2786 667 2813 numerum
677 2774 776 2825 pluralem
788 2759 852 2817 Ε’θΡῐΰ
863 2785 899 2823 pro
911 2786 994 2812 numero

103 2832 157 2873 duali
173 2834 263 2886 positum
280 2847 323 2874 esse
336 2834 455 2886 opinantur,
472 2836 496 2873 ut
512 2835 550 2873 duc
566 2835 610 2873 sicli
626 2834 771 2887 significentur.
793 2832 850 2879 cuod
866 2833 883 2872 si
893 2833 922 2872 ita
933 2836 994 2882 esset,

102 2894 163 2934 verba
179 2891 246 2942 ''lili-7?
262 2909 286 2935 ea
302 2896 435 2935 destillatione
455 2900 495 2943 tua,
517 2908 569 2946 quae
591 2895 721 2946 praecedunt,
739 2894 797 2944 plane
813 2895 882 2933 essent
897 2907 994 2945 superva-

103 2965 168 2997 canea.
200 2956 221 2995 si
243 2957 297 2996 enim
319 2956 409 3007 pretium
429 2955 497 2994 arietis
514 2956 602 2995 duorum
623 2956 715 2996 siclorum
737 2956 785 3003 erat,
801 2954 851 3005 quid
869 2956 900 2994 est
916 2967 994 3005 causae,

103 3026 138 3054 cur
154 3017 245 3057 sacerdos
262 3018 392 3056 aestimaret?
424 3015 475 3056 Vero
495 3016 561 3068 igitur
580 3016 662 3068 propior
678 3028 721 3056 esse
737 3015 819 3055 ridetur
834 3028 903 3055 eorum
919 3016 995 3068 opinio,

103 3076 138 3125 qui
155 3064 271 3124 D'bsltt'tffl
289 3078 408 3130 hypallagen
425 3089 468 3117 esse
484 3078 611 3118 contendunt
626 3091 662 3129 pro
678 3064 781 3124 ’ibt'bd'd
797 3078 821 3115 ut
836 3076 856 3116 Il
868 3077 902 3116 Sm
914 3084 948 3126 24,
962 3084 996 3121 24.

102 3135 147 3176 Neu
165 3144 183 3187 5,
203 3146 235 3181 15.
