2218 3388
149 104 180 148 84
445 101 490 138 Pars
502 102 516 139 Ι.
537 102 673 150 Antiquitates
687 113 750 140 sacrae

149 228 214 278 ditur,
231 230 284 269 haud
299 230 389 270 multum
405 231 452 270 ante
464 229 601 280 captivitatem
612 231 743 284 Babyloniam
758 230 847 271 [Ieremia
863 231 987 283 prophetam,
999 245 1049 272 cum·

150 291 227 341 spiritu
243 290 310 331 divino
325 291 438 331 instinctus
454 304 558 339 aerumnas
575 305 625 333 suae
641 293 708 345 gentis
724 295 871 343 praenosceret,
892 305 956 333 aream
977 295 997 333 et
1012 296 1043 333 ta-

148 352 279 392 bernaculum
294 365 338 391 cum
354 366 391 392 ara
406 352 483 392 incensi
498 352 520 392 in
536 354 634 404 spelunca
645 354 732 406 quadam
748 353 789 393 eius
800 354 885 403 montis,
903 366 962 404 quem
972 356 1043 405 Moses,

149 414 175 452 ut
191 415 266 453 terram
282 412 403 464 premissam
420 412 535 464 adspiceret,
552 415 686 455 adscenderat
697 411 774 470 (Nebo),
790 414 904 454 occultasse
920 416 1051 466 eundemque<

148 474 284 514 vaticinatum
300 487 343 513 esse
358 474 409 522 sore,
426 476 451 514 ut
467 487 501 514 eae
516 488 548 514 res
563 486 606 516 nen
622 476 681 527 prius
697 476 836 515 invenirentur
853 489 912 527 quam
928 488 994 517 omnes
1004 476 1051 515 du·-

149 535 196 575 daei
211 535 236 574 ad
252 535 311 575 deum
323 535 420 587 ¹conversi
431 538 497 576 essent
511 532 539 592 (Π
549 537 591 577 Mcc
604 543 624 585 2,
636 533 710 591 4—7).
730 536 756 575 Et
771 535 811 576 alio
828 536 874 577 loco
890 537 979 577 traditur
993 550 1049 577 nen-1

149 597 218 637 nullos
235 597 346 636 sacerdotes
362 595 433 649 ignem
451 609 528 637 sacrum
543 597 565 637 iu
581 601 645 650 puteo
662 597 786 638 abscondisse
802 595 838 651 (ib.
853 605 871 646 1,
885 597 926 652 19).
951 599 988 638 Hte
999 612 1050 638 eum

149 656 175 696 de
191 657 303 697 litterarum
318 658 458 697 monumentis
474 659 551 711 agetur,
568 672 622 710 quae
638 660 708 699 auctor
723 658 769 697 iibri
785 659 871 698 secundi
881 659 1044 700 Maccahaeorum

148 718 232 769 recepit,
249 718 360 768 quaeritur,
377 733 429 759 num
446 731 468 758 ea
483 733 529 760 vera
545 733 588 760 esse
605 719 688 762 iudicet.
719 718 776 765 auce
791 732 859 770 neque
876 733 899 759 ex
915 721 995 761 nobisne
1010 720 1043 760 in-

150 779 269 830 spirationis
285 792 349 831 neque
370 794 394 820 ex
412 781 507 820 contextu
526 781 674 821 sententiarum
691 780 757 830 collini
772 781 848 831 potest,
871 784 896 820 ut
912 782 994 831 dubium
1010 782 1050 836 sit,¹

148 841 222 881 utrum
238 841 290 881 facta
306 841 416 881 tradantur
433 854 459 880 en
475 855 511 889 res,
528 855 579 892 quae
596 841 703 881 aJudaeis
718 840 772 881 iliius
789 842 864 881 aetatis
875 843 937 893 vulgo
953 842 1042 882 fereban-

148 908 191 942 tur.
223 903 251 941 De
268 902 305 941 fide
321 902 409 942 duarum
426 901 555 953 epistularum
571 903 663 942 conferas
679 903 703 943 Η.
719 902 869 951 Herkenne,
888 903 923 942 Die
940 903 1003 943 Briefe
1018 917 1048 943 aur

145 962 232 1016 ,Beginn
255 963 288 1003 des
305 963 389 1003 aweiten
406 963 600 1003 blakkab'aerbuches
619 969 715 1015 1,1—2,
734 969 760 1006 18
782 959 832 1019 (ast
843 964 898 1012 Vlll,
910 969 930 1006 4.
947 961 1050 1020 tlt—36)

149 1024 251 1075 Freiburg
269 1030 330 1067 1904.

213 1098 285 1136 Arcam
300 1096 386 1136 foederis
408 1098 428 1136 et
444 1097 508 1148 ipsam
528 1097 550 1136 in
570 1098 595 1137 iis
611 1097 679 1146 rebus,
701 1109 750 1148 quas
766 1097 925 1137 Nebucadnezar
940 1098 962 1137 in
976 1098 1050 1149 Baby--

149 1158 228 1198 leniam
243 1158 390 1210 transportavit
411 1154 440 1214 (ll
457 1158 495 1197 chr
511 1163 544 1205 36,
564 1155 608 1213 10),
629 1158 772 1197 numerandam
794 1171 837 1198 esse
854 1159 986 1199 demonstrari
1002 1172 1050 1199 non.

149 1221 223 1270 potest.
254 1218 328 1270 Neque,
351 1219 408 1269 qued
425 1218 485 1258 multi
500 1218 537 1258 viri
560 1219 615 1260 docti
637 1218 761 1259 contendunt
777 1219 854 1271 Cyrum
876 1232 941 1259 arcam
957 1220 1041 1260 foederis

149 1280 235 1320 Judaeis
257 1279 278 1318 in
293 1279 380 1331 patriam
403 1279 536 1319 redeuntibus
558 1279 678 1328 reddidisse,
700 1280 742 1319 loco
762 1281 800 1319 lter
819 1287 837 1328 1,
852 1288 922 1324 7—11
946 1280 1046 1328 fulcitum.

149 1341 212 1380 immo
228 1353 275 1380 vero
291 1341 355 1380 multo
372 1340 440 1392 magis
457 1340 580 1381 contrarium
596 1341 645 1380 inde
661 1340 729 1393 colligi
745 1342 816 1392 potest.

483 1555 559 1614 Caput
575 1557 710 1615 septimum

205 1699 246 1744 De
265 1697 353 1744 variis
372 1696 551 1745 tabernaculi
569 1695 695 1743 foederis
715 1697 834 1753 eiusque
853 1708 988 1744 vasorum

436 1764 438 1767 Δ
470 1781 724 1838 significationibus

210 1935 232 1981 Ι.
263 1933 292 1979 Ut
307 1934 388 1978 Paulus
410 1934 519 1990 apestolus
540 1934 598 1977 Hebr
615 1937 636 1985 8,
652 1936 666 1980 5
683 1933 748 1983 decet,
770 1934 938 1977 tabernaculum
959 1949 1044 1978 sacrum

148 2024 199 2052 cum
216 2008 275 2051 omni
290 2024 327 2051 sua
343 2007 474 2065 supellectile
496 2006 680 2063 symbolicam
699 2006 764 2050 babet
783 2006 1040 2063 significationem

149 2098 215 2139 quam
230 2082 321 2125 maxime
337 2081 396 2124 enim
412 2081 475 2124 rebus
490 2080 627 2124 revelationis
644 2079 726 2123 divinae
746 2080 901 2123 adumbrandis
917 2081 983 2125 servit.
1010 2081 1047 2124 De

147 2155 300 2213 explanatione
315 2157 387 2198 autem
404 2154 550 2210 symbolorum
566 2153 651 2196 multae
672 2153 776 2196 etruriae
792 2155 846 2196 sunt
861 2153 957 2197 virorum
972 2154 1041 2197 erudi-

146 2237 221 2272 torum
243 2228 365 2274 sententiae,
399 2227 508 2280 Quantum
530 2226 629 2283 equidem
651 2226 742 2269 iudicare
763 2240 858 2283 possum,
881 2227 1041 2271 tabernaculum

147 2302 230 2358 optime
246 2301 391 2344 consideratur
411 2303 521 2357 tamquam
540 2299 634 2356 foederis
651 2300 718 2342 crater·
734 2305 752 2342 et
769 2300 898 2344 tlreocrnb'ce
918 2301 1040 2358 spartarum,

147 2390 190 2430 quo
208 2373 269 2417 notio
285 2373 365 2418 Jahvae
381 2373 406 2416 in
423 2373 492 2416 media
508 2375 571 2431 gente
587 2371 715 2424 habitantis,
731 2386 752 2415 se
768 2373 890 2426 revelantis,
911 2373 954 2417 eius
970 2388 1046 2429 preces

146 2446 280 2490 exaudientis
295 2446 429 2503 exprimitur.
461 2445 528 2499 Quam
549 2447 639 2489 obrem
662 2447 708 2489 erat
727 2446 788 2490 locus
810 2447 878 2490 tetius
894 2446 1038 2490 Hebraeorum

146 2519 205 2564 vitae
221 2519 335 2577 religiosae.

211 2644 231 2690 1.
263 2643 483 2689 Tabernaculum
503 2657 586 2685 sacrum
602 2643 649 2684 erat
664 2642 787 2698 symbolum
802 2642 896 2686 foederis
911 2642 968 2686 inter
983 2641 1037 2685 Jah-

146 2730 190 2759 ven
206 2719 231 2759 et
242 2716 348 2760 Hebraeos
363 2715 420 2768 initi,
437 2715 557 2771 symbolum
573 2714 706 2759 theocratiae
725 2716 749 2759 in
768 2715 880 2772 republica
896 2715 1045 2759 Hebraeorum.

145 2788 247 2846 vigentis,
267 2788 323 2832 Nam
339 2789 435 2845 primum
451 2802 495 2831 nen
511 2787 569 2830 aliud
585 2789 632 2830 erat
648 2788 690 2831 nisi
705 2802 764 2833 raons
780 2789 845 2848 staca·
861 2790 999 2845 continuatas,
1015 2788 1039 2831 in

145 2876 190 2919 quo
202 2861 270 2905 Jabve
285 2862 422 2906 voluntatem
438 2862 459 2903 et
474 2860 563 2918 gloriam
581 2875 644 2903 suam
660 2861 787 2914 ostenderat,
803 2864 830 2904 ut
847 2876 873 2904 ex
884 2860 953 2905 verbis
964 2861 992 2904 Ps
1003 2866 1043 2915 68„

147 2939 175 2982 18
193 2938 289 2992 apparet:
318 2935 439 2988 ,Dominus
455 2933 511 2977 inter
526 2947 561 2977 eos
577 2936 615 2986 est,
637 2932 696 2978 Sinai
712 2935 735 2978 in
751 2934 844 2979 sacrario
862 2937 906 2978 est“
921 2934 936 2981 i.
952 2950 968 2982 e.
984 2934 1038 2981 sicut

144 3009 177 3052 in'
186 3007 251 3060 Sinai,
266 3008 297 3052 ita
312 3009 335 3051 in
351 3007 445 3051 sacrario
466 3009 498 3051 est
513 3006 621 3054 deminus,
652 3008 714 3060 Deus,
730 3008 766 3065 qui
782 3008 837 3051 olinr
853 3008 877 3051 iu
893 3011 965 3051 mente
980 3007 1040 3052 Sinai

144 3083 204 3127 inter
219 3082 325 3138 myriadas
347 3081 477 3140 angelorum
498 3095 519 3124 se
540 3082 676 3136 praesentem
699 3081 882 3126 demonstraverat
897 3081 1039 3125 maiestatem-

143 3170 187 3213 que
203 3156 406 3208 suamexhibuerat,
422 3169 480 3198 nune
496 3154 519 3197 in
529 3153 571 3197 laec
586 3155 680 3198 sacrario
696 3154 751 3199 inter
766 3155 882 3199 cherubim
893 3154 962 3198 sedem
977 3169 1038 3198 suam
