2218 3388
123 101 163 146 138
415 95 459 131 Pars
473 94 489 130 1.
509 93 643 141 Antiquitates
656 105 719 132 sacrae

122 219 149 262 Le
159 223 179 271 7,
191 220 216 277 5)
233 220 317 271 erectae,
334 218 427 262 formam
441 217 520 274 templi
530 217 719 275 Hierosolymitani
735 217 885 270 imitabantur,
901 220 926 262 ut
936 218 1019 261 atrium,

84 325 85 333 2
122 308 168 336 eum
188 292 307 348 porticibus
327 291 438 344 haberent
459 290 600 334 sicut'etiam
618 306 677 334 nunc
692 305 816 349 synagogae
830 290 854 334 in
871 291 953 334 oriente
967 290 1016 335 for-

121 368 189 409 matae
208 367 264 412 sunt.
289 365 362 422 Atque
373 380 397 408 ex
408 364 477 408 ruinis
493 378 661 421 synagogarum,
677 380 729 422 quae
741 364 767 408 in
778 363 870 408 Galilaea
888 364 915 407 ad
930 367 1018 421 septen-

121 439 202 483 triones
218 438 325 497 uergente
341 437 410 481 adhuc
429 438 517 480 exstant
526 442 538 489 1,
559 452 652 500 quarum
667 437 792 482 veterrimae
812 437 907 491 secundi,
927 438 1017 482 fortasse

121 512 183 569 primi
200 502 275 569 pet.
290 527 311 558 n.
328 511 407 554 saeculi
426 513 485 563 sunt,
507 526 634 569 cognoscere
654 526 773 570 possumus,
794 526 834 570 quo
855 511 923 555 mode
939 511 1020 555 ludaei

123 584 202 629 Christi
222 584 354 629 iereiaetate
376 584 487 627 aedificare
509 584 566 628 soliti
587 584 640 627 sint.
671 583 801 641 Plerumque
820 585 922 629 introitus
942 600 1017 628 earum

121 673 282 717 synagogarum
297 674 309 702 a
325 657 413 701 meridie
428 659 476 701 erat
492 660 513 701 et
529 672 553 700 ex
572 659 638 714 porta
654 672 731 715 magna
751 661 773 701 et
787 657 867 701 duabus
890 658 956 715 portis
971 659 1016 702 mi-

121 732 211 775 noribus
223 732 336 775 constabat
346 730 414 791 (liafr
426 730 512 783 Birta,
523 730 603 785 hieron,
621 730 666 774 Tell
677 735 748 790 Ham).
775 730 894 775 introitum
905 747 1017 775 nonnum-

122 820 185 862 quam
200 806 296 862 porticas
312 804 397 861 excepit
413 803 478 863 (llafr
489 803 568 858 Bir‘im
584 804 678 865 Meren).
703 792 829 849 Nonnullae
844 820 968 864 synagogae
979 808 1017 851 rel

122 878 205 921 duobus
222 878 332 921 ordinibus
349 877 499 921 columnarum
514 877 538 920 in
552 879 595 921 tres
613 877 703 937 (Kasiun
721 880 744 921 et
759 878 887 939 Nabartein)
903 879 937 922 vel
952 882 1018 936 quat·

121 954 169 995 tuor
188 951 215 994 in
236 951 329 1009 quinque
353 950 406 1010 (Tell
421 951 489 1011 Hum)
510 952 577 1007 partes
599 950 756 998 dividebantur.
789 950 905 1009 Synagoga
921 952 1018 995 Alexan-

122 1024 190 1075 drina
199 1024 270 1068 forma
284 1023 387 1078 basilicae
397 1026 440 1067 erat
451 1023 542 1083 (Hieros.
558 1023 634 1080 Suhha
644 1025 714 1085 55³¹).
744 1023 837 1077 Quarum
853 1039 1017 1083 synagogarum

122 1097 243 1141 nonnullae
262 1113 314 1141 num
336 1097 383 1140 sine
403 1100 458 1141 tecto
476 1097 562 1151 fuerint,
582 1100 609 1141 ut
625 1112 749 1156 synagogae
766 1098 953 1152 Samaritanorum,
968 1113 1019 1142 non

123 1172 214 1216 constat.
245 1171 272 1214 ln
293 1170 365 1214 media
387 1185 500 1229 synagoga
522 1173 565 1214 erat
586 1176 692 1226 sempectas
712 1172 799 1229 ligneus
821 1172 879 1231 (aare
903 1195 929 1210 =
950 1176 1017 1235 βῆμα

122 1235 199 1304 53th
217 1245 239 1286 et
254 1259 315 1301 super
331 1244 392 1287 hunc
403 1245 514 1303 palpatam
530 1245 582 1304 (tea,
599 1248 674 1296 aeae,
689 1245 826 1305 ἀναλοηεῑα),
842 1246 879 1289 αα
895 1246 1022 1289 tibersaeer·

122 1313 245 1361 recitandus
259 1317 416 1375 imponebatur.
436 1316 561 1371 Volumina,
577 1332 629 1361 cum
642 1333 667 1361 ex
682 1317 706 1361 iis
722 1333 771 1361 non
787 1318 923 1372 recitabatur,
938 1319 960 1362 in
976 1333 1017 1362 ur-

122 1392 189 1434 rnurio
203 1390 258 1451 (titt,
268 1396 322 1444 Πᾎᾞ,
340 1391 405 1434 etiam
416 1383 478 1448 heb),
494 1391 569 1448 pannis
579 1390 655 1434 linteis
665 1390 770 1444 involuta,
781 1392 927 1438 servabantur.
951 1391 1017 1435 Varia

122 1464 221 1508 sarbsallio
238 1468 313 1523 (thing
330 1464 366 1507 vel
382 1468 480 1516 aasabim,
497 1468 606 1525 καθέδραι)
624 1479 662 1520 pro
677 1463 761 1508 honore
777 1467 798 1507 et
814 1464 920 1522 dignitate
936 1480 1021 1518 eorum,

123 1537 157 1595 qui
173 1537 270 1591 aderant,
286 1537 390 1595 disposita
405 1539 467 1582 erant
476 1542 491 1591 ³,
508 1538 628 1595 etquidem
644 1537 746 1581 subsellia
762 1538 877 1581 mulierum
894 1554 906 1580 a
921 1538 1018 1581 virorum

122 1616 225 1667 separata.
254 1610 367 1654 Praeterea
382 1611 480 1655 Ζααανααα
497 1610 555 1670 (filil.)
571 1625 687 1667 suspensae
702 1612 772 1663 erant,
788 1625 839 1667 quae
856 1626 908 1655 cum
924 1611 949 1654 ad
963 1627 1021 1655 usus

122 1698 210 1740 precum
227 1684 397 1741 vespertinarum
415 1690 469 1727 tum.
480 1683 508 1727 ad
523 1683 636 1728 sollemnia
656 1679 758 1742 augenda
775 1684 949 1730 accendebantur.
979 1685 1017 1728 Ad

122 1757 238 1801 introitum
254 1758 342 1801 tcaaaaa
353 1758 470 1801 constituta
481 1759 547 1807 erant.
557 1757 595 1801 ubi
607 1757 630 1809 ii,
642 1756 678 1814 qui
688 1771 825 1815 synagogam
832 1757 1017 1816 ingrediebantur,

122 1830 332 1874 manus-abluerent.
345 1863 346 1867 ,
359 1829 513 1874 instrumentis
528 1844 613 1888 quoque
629 1830 713 1874 musicis
723 1830 816 1874 Hebraei
831 1830 897 1874 deum
913 1831 935 1874 in
950 1846 1017 1888 syna-

122 1903 183 1961 gogis
201 1903 295 1947 colentes
310 1902 434 1959 utebantur,
450 1904 475 1946 et
491 1901 573 1959 quidem
590 1903 674 1946 berelais
689 1901 782 1964 (ainata)
798 1905 818 1945 et
832 1905 891 1947 tarbis
908 1904 1026 1966 (talitha).¹¹

123 1975 166 2019 lllis
182 1976 288 2033 imprimis
303 1975 377 2033 prime
393 1975 515 2033 incipientis
531 1976 582 2020 anni
599 1976 641 2028 die,
662 1975 695 2019 his
711 1976 788 2019 diebus
803 1976 879 2019 ieiunii
896 1977 1017 2021 canebatur.

181 2074 244 2117 Inter
265 2089 395 2132 synagogas,
420 2089 512 2131 quarum
533 2076 615 2117 veteres
637 2073 750 2130 scriptores
772 2074 906 2118 mentionem
927 2074 1019 2129 faciunt

122 2149 206 2203 praeter
221 2146 427 2205 Hierosolymitanas
446 2146 553 2203 imprimis
567 2146 704 2191 damnienses
720 2150 744 2190 et
759 2146 891 2190 Tiberienses
907 2147 1019 2191 celebran=

122 2223 161 2273 tur,
182 2235 238 2278 quas
257 2223 329 2264 tamen
352 2235 424 2265 onmes
444 2220 521 2277 procul
537 2236 549 2264 a
563 2235 585 2263 se
602 2219 690 2276 reliquit
703 2219 851 2264 Alexandrina
873 2221 913 2263 illa
932 2227 1020 2282 μεγίστη,

122 2300 155 2341 καὶ
171 2301 331 2355 περισημοτάτη,
354 2293 412 2337 cuius
432 2297 505 2340 διπλαὶ
525 2299 580 2341 στοαί
602 2295 625 2336 et
645 2292 783 2350 septuaginta
803 2292 915 2337 cathedrae
935 2309 1017 2347 aureae,

122 2365 230 2422 lapidibus
246 2366 344 2423 pretiosis
361 2368 382 2409 et
397 2365 520 2423 margaritis
534 2366 654 2417 distinctae,
670 2365 759 2408 summis
769 2365 867 2410 laudibus
880 2366 1022 2411 celebranturv

123 2439 186 2499 (Phil.
205 2438 237 2481 De
253 2439 348 2484 virtutib.
365 2453 412 2495 opp,
427 2439 456 2492 H,
474 2440 548 2498 ababa

182 2523 281 2568 Ueterum
292 2539 369 2571 omnes
382 2539 505 2583 synagogae
520 2526 575 2569 tanti
591 2512 769 2577 aestimabantur,
786 2526 809 2568 ut
820 2524 885 2567 Philo
897 2540 931 2568 eas
946 2529 1020 2572 διδασ-

122 2602 195 2645 ααλεῖα
213 2603 347 2659 σωφροαὺνης
363 2603 397 2645 aut
412 2598 542 2659 δικαιοσύνης
557 2599 597 2659 (De
609 2597 704 2642 virtutib.
713 2598 752 2644 ib.
764 2598 816 2657 592)
831 2598 867 2641 vel
885 2601 1022 2646 διδασκαλεῖα.

123 2679 242 2734 φρονήσεως
260 2676 293 2719 καὶ
309 2673 404 2730 ἀνδρείας
418 2677 451 2719 καὶ
469 2677 604 2732 cappaciana
620 2675 655 2718 καὶ
672 2674 806 2732 διααιοσὺνης,
826 2672 929 2730 εὐσεβείας
944 2691 964 2719 τε
979 2678 1022 2718 ant.

122 2746 229 2806 ὁσιότητος
244 2750 277 2793 aui
293 2750 402 2805 συμπάσης
417 2747 494 2807 ἀρετῆς
510 2744 549 2805 (De
559 2744 606 2789 vita
621 2743 685 2787 illesis
697 2745 710 2790 l.
722 2749 744 2792 3.
756 2744 785 2791 ib.
797 2748 843 2792 168.
855 2744 883 2788 cf.
895 2743 926 2788 De
936 2746 1020 2802 septem,

122 2818 149 2861 ib.
165 2818 221 2877 282)
242 2818 340 2875 appellet,
363 2819 385 2860 et
404 2819 448 2861 locu
470 2831 534 2876 sacru
552 2817 694 2871 habebantur,
715 2833 771 2875 quae
789 2817 847 2861 nulla
867 2833 891 2861 re
907 2817 1018 2875 profanari

123 2891 236 2937 debebant.
262 2890 334 2934 Etiam
352 2905 399 2933 cum
414 2891 499 2935 dirutae
515 2892 580 2944 erant,
596 2891 664 2943 locus,
680 2892 717 2935 tibi
733 2890 855 2935 aedificatae
874 2893 941 2943 erant,
956 2907 1022 2935 sacer-

122 2964 267 3021 permanebat.

185 3077 255 3117 1Eius
271 3078 324 3119 modi
342 3077 412 3117 ruinae
426 3079 448 3118 in
465 3077 549 3127 Kasiun,
565 3077 618 3117 Kafr
631 3075 707 3128 Bir‘im,
723 3079 745 3118 el
757 3073 801 3128 Gis,
812 3080 888 3128 lieren,
900 3078 1021 3127 Natalem„

122 3138 162 3178 Tell
178 3139 242 3186 Eum,
259 3139 339 3186 herere,
357 3138 412 3178 lrbid
427 3139 523 3179 inventae
539 3140 590 3178 sunt.
622 3139 647 3178 ln
662 3139 741 3180 llasiun
758 3139 861 3191 inscriptio
880 3140 950 3180 aetatis
966 3141 1021 3193 Sep--
