2165 3388
102 118 145 166 566
384 116 429 154 Pars
442 117 465 154 ll.
484 115 619 164 Antiquitates
632 117 720 165 privatae

102 245 138 292 est,
162 244 187 284 ad
207 245 305 295 stuprum
325 244 401 284 illicere
423 246 460 284 aut
480 243 499 283 ei
520 243 562 284 vim
583 245 654 285 afferre
675 258 712 296 pro
728 244 830 285 adulterio
847 245 934 286 habetur
957 244 1002 303 (GH

102 302 183 360 1130).
204 304 271 345 Vidua
287 305 356 345 autem
372 305 524 346 matrimonium
540 318 587 345 cum
603 306 666 346 leviro
678 308 794 357 exspectans
805 306 917 357 desponsae
928 308 998 359 aequi·

101 367 186 418 paratur
205 367 239 406 vel
258 366 304 417 lege
324 366 389 407 leviro
410 367 508 418 desponsa
524 369 560 406 est.
586 367 673 408 Maritus
689 380 737 408 vero
753 380 797 406 rem
812 367 888 408 habens
905 380 952 408 curn
967 368 999 409 in-

102 428 167 478 nupta
182 426 235 467 nihil
251 426 307 466 aliud
322 426 363 467 nisi
374 427 528 468 fornicationem
544 428 671 468 committere
682 428 809 478 censebatur,
827 429 885 469 cuius
901 429 931 473 rei
946 431 1001 470 ratio

102 488 212 540 repetenda
228 488 299 527 estex
314 488 397 540 vigente
413 488 533 540 polygamia.

166 561 174 587 3
191 561 324 601 Adulterium
343 561 398 613 regis
414 561 479 602 David
500 557 529 617 (Il
546 562 580 601 Sm
599 568 631 612 11,
649 559 670 614 4)
692 575 733 602 non
755 561 852 613 punitum
873 565 904 603 est
922 564 1000 615 lapida-

102 621 164 665 tione.
190 618 278 661 Difficile
295 622 348 662 enim
366 624 410 663 erat
424 635 492 675 regem
507 623 563 662 iusto
579 623 679 674 supplicio
696 622 780 663 afficere.

165 694 276 735 Athama«
296 707 339 734 non
359 695 425 736 vivam
447 694 573 735 combustam
593 709 642 745 esse,
668 696 702 735 sed
723 698 832 747 postquam
853 697 943 748 lapidata
964 699 1002 747 est,

102 756 186 796 fortasse
202 769 226 796 ex
242 769 265 796 eo
282 756 350 808 colligi
361 758 434 807 potest,
451 756 505 808 quod
521 757 584 796 etiam
594 757 670 805 Achan,
687 769 733 796 cum
749 757 793 809 igni
810 757 937 798 adiudicatus
949 761 1001 799 essct

104 814 147 874 (Jos
165 825 183 865 7,
203 814 245 874 15),
262 816 349 857 flammis
365 830 406 857 non
423 819 469 857 ante
486 817 546 857 datus
562 820 593 858 est
609 831 671 869 qnam
687 817 792 868 lapidibus
808 818 869 870 periit
886 816 968 875 (121).

163 890 192 930 Ex
208 890 253 930 iure
268 890 479 941 Babyloniorum
495 889 633 941 antiquorum,
651 891 668 930 si
683 890 758 942 mulier
775 891 899 931 adulterium
917 893 1000 933 commi-

104 953 163 999 serat,
183 951 213 991 ita
228 945 363 998 multabatur,
384 953 408 990 ut
424 950 446 990 in
462 964 515 1002 aqua
531 951 682 1004 demergeretur
703 949 770 1004 (0Ηὲ
790 948 852 1009 129);
875 953 998 993 adulterium

103 1012 143 1053 viri
159 1024 201 1064 non
217 1017 281 1063 poena
297 1012 383 1063 dignum
399 1011 538 1052 existimatum
554 1025 598 1052 esse
614 1013 704 1060 videtur3
721 1012 743 1052 in
759 1013 826 1053 codice
843 1014 925 1065 quidem
936 1014 998 1062 Ham-

103 1074 183 1124 murapi
197 1073 224 1112 vde
235 1086 258 1112 en
269 1086 290 1113 re
301 1072 354 1112 nihil
365 1072 446 1125 legitur.
462 1073 487 1112 ln
497 1074 620 1125 Aegypto
638 1074 741 1113 adulterae
753 1086 817 1122 nares,
835 1075 889 1126 apud
905 1075 1001 1115 Persas

104 1147 162 1175 nares
183 1136 203 1174 et
224 1147 282 1174 aures
297 1133 466 1185 praecidebantur
487 1129 553 1190 (Diod.
570 1135 608 1178 Sic,
624 1135 676 1176 Bibl.
693 1134 739 1175 laist.
759 1142 776 1183 1,
791 1131 836 1190 ¹78),
860 1136 886 1174 ad
902 1136 956 1187 quod
972 1137 1001 1176 ΕΖ

106 1202 139 1247 23,
159 1200 185 1237 25
203 1197 294 1247 spectare
309 1194 397 1234 videtur.
423 1196 483 1246 Apud
504 1195 553 1235 alias
574 1197 646 1247 gentes
662 1195 787 1236 adulterium
807 1209 849 1236 non
869 1198 912 1236 tam
932 1209 1000 1238 severe

104 1256 232 1308 puniebatur.
259 1256 322 1296 Velut
338 1256 392 1307 apud
408 1256 534 1296 Romanos
555 1256 600 1307 lege
616 1256 672 1295 Julia
690 1256 790 1296 adalberio
806 1257 898 1298 convicto
918 1259 1001 1298 tantum

104 1330 169 1369 poena
184 1312 316 1369 relegationis
337 1319 357 1356 et
373 1316 516 1368 publicationis
537 1317 601 1369 partis
617 1318 717 1357 bonorum
739 1317 851 1358 constituta
867 1320 919 1367 crat3
943 1333 1000 1370 prae·

104 1382 160 1418 terea
175 1378 207 1418 vir
223 1380 244 1418 et
259 1378 334 1417 mulier
349 1377 461 1430 ignominia
477 1377 624 1421 afficiebantur,
651 1378 795 1418 Constantinus
811 1379 897 1431 Magnus
920 1380 1001 1420 demum

106 1439 197 1480 adultero
214 1451 301 1490 poenam
317 1438 381 1490 gladii
396 1439 506 1490 proposuit.

166 1556 272 1600 Adulterii
287 1556 440 1601 demonstratio
457 1572 506 1600 cum
522 1556 646 1614 plerumque
658 1556 785 1600 difficillima
801 1560 861 1609 esset,
877 1556 947 1601 Jahre
962 1573 999 1615 per

105 1630 179 1674 llosen
192 1631 304 1687 antiquam
320 1630 479 1687 zelotypiae
495 1630 584 1687 legem
601 1629 673 1690 (adips
688 1630 748 1689 11111)
766 1630 900 1686 approbavit,
917 1645 943 1673 ex
959 1646 1001 1687 qua

105 1704 195 1747 maritus
211 1703 275 1747 uxori
290 1706 400 1760 suspectae
415 1703 466 1747 fidei
481 1703 632 1747 iusiurandum
648 1703 798 1762 purgatorium
814 1718 853 1759 per
868 1720 1001 1759 0100111111-

105 1794 141 1820 rcs
162 1780 233 1836 (Ulisi
250 1776 279 1835 n)
300 1777 426 1833 imponebat
434 1781 450 1829 1,
471 1776 548 1820 mortis
568 1780 639 1833 poena
661 1777 722 1833 quasi
741 1791 779 1832 per
800 1792 890 1820 manum
906 1776 1001 1820 divinam

105 1865 163 1893 ream
179 1849 327 1907 subsequente.

165 1923 236 1980 Atque
252 1923 343 1966 maritus
363 1938 453 1966 uxorem
469 1925 589 1979 suspectam
610 1938 658 1966 cum
675 1922 822 1966 oblatione
841 1923 1001 1980 zelotypiae

39 2046 41 2052 Ι
104 1994 163 2056 (neap
179 2000 232 2044 11111
249 1995 308 2039 LXX
323 2001 386 2043 boola
402 1996 535 2057 ζηλοτυπίας)
552 1995 566 2043 i.
578 2010 594 2039 e.
611 2010 660 2039 cum
672 1996 753 2039 decima
768 1998 830 2052 parte
841 1995 907 2051 eplrae
918 1995 1000 2039 farinae

103 2069 234 2112 hordeaceae
242 2073 256 2122 2,
273 2070 307 2112 cui
319 2083 389 2126 neque
405 2069 476 2113 oleum
492 2084 561 2126 neque
572 2071 607 2112 tus
622 2068 739 2113 addebatur
748 2073 763 2122 ³,
780 2068 807 2112 ad
818 2069 950 2112 sacerdotem
961 2069 1000 2112 du-

104 2142 170 2196 cebat,
187 2142 225 2199 qui
241 2142 341 2185 manibus
357 2141 458 2189 mulieris.
480 2142 586 2185 velamine
603 2142 677 2199 capitis
693 2142 738 2185 eius
754 2142 847 2194 sublato,
863 2141 943 2185 fertum
959 2142 1000 2185 im-

103 2215 198 2273 ponebat
219 2218 240 2258 et
256 2230 322 2273 aquas
344 2216 431 2259 elabro
448 2230 514 2259 aeneo
530 2214 619 2259 haustas
641 2214 714 2275 (0⁸th
732 2216 776 2276 un)
799 2231 847 2259 cum
867 2216 954 2271 pulvere
974 2230 1000 2258 ex

104 2289 150 2332 solo
169 2288 219 2331 atrii
235 2288 314 2331 mixtas
329 2290 405 2332 tenens
421 2303 468 2332 cam
484 2288 585 2332 sollemni
596 2288 748 2332 exsecrationis
764 2288 864 2341 1011111111,
881 2304 946 2346 quam
956 2288 1002 2345 ipsa

103 2367 136 2414 lit
154 2365 186 2412 111
204 2360 336 2417 respondens
353 2361 480 2405 confirmare
496 2361 592 2410 debebat,
614 2362 763 2405 obtestabatur
782 2362 866 2419 istaque
886 2361 1001 2405 maledicta

103 2435 126 2478 in
143 2434 244 2478 schedula
260 2434 372 2488 scribebat,
394 2450 459 2492 qnam
475 2434 602 2491 scripturam
617 2435 678 2478 brevi
693 2435 754 2492 aquis
771 2434 861 2486 delebat,
882 2448 936 2492 [praue
952 2450 1000 2477 mu·

103 2508 156 2561 lieri,
177 2508 282 2552 sacrificio
291 2500 327 2550 ”in
348 2507 412 2551 altari
432 2508 512 2560 oblato,
534 2507 637 2551 bibendae
658 2513 725 2553 erant.
752 2507 784 2551 lix
800 2507 835 2550 liis
851 2507 928 2550 mulier
944 2507 1001 2551 nillil

104 2581 156 2624 mali
171 2581 298 2638 patiebatur,
315 2581 332 2624 si
349 2582 455 2624 innocens
471 2585 527 2632 erat3
543 2580 577 2623 sin
593 2582 665 2624 autem
681 2595 768 2634 nocens,
785 2580 824 2624 dec
841 2584 927 2624 auctore
937 2581 1001 2624 vehe-

104 2654 243 2698 mentissimis
254 2655 396 2712 torquebatur
407 2653 518 2697 doloribus
529 2653 643 2707 intestinis,
659 2656 685 2697 ut
701 2654 744 2697 eius
761 2656 836 2698 venter
851 2653 1004 2697 intumesceret

104 2729 199 2785 ipsaque,
216 2727 235 2771 si
250 2731 375 2785 superesset,
392 2728 418 2770 ad
433 2727 514 2770 liberos
529 2726 670 2783 procreandos
686 2726 860 2783 ineptafieret4.
876 2754 906 2759 —-
922 2726 966 2770 Nm
982 2730 1002 2779 5,

106 2806 201 2850 12-31.
217 2800 263 2845 dos.
280 2800 315 2844 Α]
331 2805 351 2854 3,
371 2804 404 2848 11,
421 2804 440 2847 6,
468 2798 523 2843 Phil.
540 2800 571 2843 De
587 2800 671 2857 special.
688 2800 752 2858 legib.
770 2815 818 2857 opp.
830 2799 858 2852 H,
875 2803 1002 2847 308—310.

104 2875 172 2920 Tract.
189 2872 345 2934 8010111111,
362 2874 391 2933 5).

166 2946 314 3000 (lucratione
330 2947 381 2991 deus
402 2962 424 2990 sc
439 2945 558 3003 praesidem
578 2961 603 2989 ac
618 2946 726 2990 vindicem
747 2945 797 2989 fidei
818 2945 913 3003 coniugii
929 2947 1002 2989 osten·
1076 2973 1077 2976 =

105 3021 172 3064 debat
182 3020 290 3078 simulque
306 3022 393 3063 cautum
410 3023 447 3072 est,
464 3033 491 3062 ne
507 3018 579 3063 mariti
590 3020 617 3063 ad
627 3020 757 3076 zelotypiam
774 3021 795 3062 et
805 3018 924 3063 vindictam
941 3017 1004 3062 relae-
1076 3038 1077 3043 ¹

104 3095 187 3138 menter
208 3093 315 3151 proclives
336 3093 370 3154 (cf.
387 3092 445 3136 Pror
462 3096 482 3142 6,
499 3091 561 3151 sas.)
583 3108 660 3136 uxores
680 3092 808 3135 innocentes
828 3092 861 3135 rel
882 3091 1003 3136 occiderent
1077 3125 1078 3128 ,

103 3167 137 3211 rel
154 3166 293 3211 dimitterent.
314 3166 427 3222 Praeterea
442 3166 495 3209 haec
505 3164 601 3209 mulieris
617 3165 737 3222 exploratio
754 3164 781 3208 ad
797 3164 930 3208 clandestina
942 3165 1003 3208 adul·
1077 3187 1078 3190 ¹
