2147 3361
378 98 379 101 ¹
422 82 523 120 Sacrificia
536 82 627 120 universa
929 85 979 130 299'

80 215 149 267 plures
165 211 190 251 acl
207 211 267 250 buius
284 210 321 251 loci
342 210 505 261 explanationem
521 210 622 257 dixerunt,
644 211 749 262 praecepta
765 208 789 248 de
809 207 911 248 sacrificiis
933 221 979 248 non

82 287 125 316 esse
141 273 189 312 data
204 272 262 322 quasi
278 271 372 311 sacrificia
388 270 464 311 Jahvae
481 273 549 311 essent
565 272 628 324 grata,
640 271 681 324 ‘sed
697 283 722 309 ne
738 268 822 309 Hebraei
838 269 864 308 ad
880 269 977 309 fictorum

82 337 163 376 deorum
185 332 262 372 cultum
279 332 426 380 descenderent,
447 332 482 371 vel
503 332 548 371 aliis
564 332 642 372 uerbis:
664 345 686 371 ea
702 334 807 382 praecepta
828 332 910 370 externa
928 330 980 369 data

82 409 131 442 esse,
153 396 178 434 ut
193 393 285 441 Hebraei,
306 392 380 444 qnippe
397 392 433 443 qni
449 392 475 432 ad
491 396 575 432 externa
590 393 690 444 proclives
707 394 728 432 et
743 392 829 431 externis
845 386 976 431 traveririroniis

35 463 36 466 ’
82 453 145 497 dediti
165 457 238 504 essent,
258 454 281 494 in
301 453 364 493 officio
386 453 548 493 continerentur¹
580 453 635 500 Quae
655 453 694 492 etsi
715 452 763 504 qaid
783 452 825 493 reri
846 453 868 492 in
889 452 914 492 iis
937 454 975 498 est,

81 522 150 559 tamen
166 515 286 556 sententiam
302 515 409 555 verborum
425 515 535 554 allatorum
551 514 634 553 minime
656 514 744 554 reddunt
759 526 822 566 neque
842 515 924 554 externo
942 513 977 552 dei

83 577 148 620 cultui
168 590 212 616 eam
228 576 346 627 dignitatem
368 579 455 622 servant,
477 588 541 626 quam
557 574 576 614 ei
591 575 658 615 inesse
674 577 694 615 et
709 576 782 614 natura
797 575 846 614 duce
862 574 979 614 scimuset,

80 642 124 693 ipsa
140 637 230 678 doctrina
245 636 343 677 divinitus
358 636 433 676 tradita
448 636 552 678 docemur.
579 636 632 675 Nam
648 639 668 676 et
684 635 747 686 pietas
764 636 875 675 animorum
891 635 979 687 religio-

82 714 121 753 que
137 699 199 751 signis
219 697 330 738 necessario
350 697 448 748 proditur,
465 697 555 744 fovetur,
577 698 664 748 angetur
679 697 739 748 atque
755 696 813 736 homo
829 710 851 736 ex
868 697 937 736 auimo
955 698 976 735 et

81 773 164 812 corpore
185 761 277 799 constans
297 761 400 798 externum
421 771 504 810 quoque
526 758 605 798 cultum
625 758 729 808 persolvat
749 769 828 796 necesse
849 760 890 804 est3
912 759 933 796 et
951 758 980 796 det

81 822 150 875 typica
165 821 186 860 vi
201 819 342 860 sacrificiorum
357 819 411 859 iuter
427 831 498 858 omnes
516 819 600 859 constat.

143 940 163 998 β)
183 942 208 980 Ut
219 942 389 981 demonstraretur
399 941 452 981 ritus
463 943 485 980 et
501 943 609 993 praecepta
621 942 689 980 cultus
700 939 770 987 divini,
788 953 837 990 quae
848 940 890 980 sint
901 941 976 980 aetatis

81 1003 185 1051 ltlosaicae,
208 1017 219 1042 a
239 1002 342 1054 prophetis
364 1002 517 1054 antiquioribus
540 1002 630 1054 ignorari
652 1003 712 1052 atque
734 1002 813 1052 negari,
835 1000 981 1041 rationalistae

82 1065 143 1105 etiam
158 1065 226 1103 locum
241 1064 280 1103 Am
297 1069 314 1112 5,
331 1068 417 1105 25-26
435 1064 530 1112 afferunt,
553 1064 589 1114 qui
606 1077 617 1102 a
633 1062 771 1113 compluribus
793 1061 840 1102 viris
855 1062 920 1102 doctis
938 1062 976 1103 hoc

82 1125 140 1166 modo
161 1124 297 1165 convertitur:
319 1124 385 1173 „llum
400 1124 496 1164 victimas
512 1127 534 1164 et
550 1123 671 1163 sacrificium
692 1122 788 1163 cibarium
804 1123 908 1163 obtulistis
925 1123 980 1164 mihi

81 1188 103 1226 in
114 1186 193 1226 deserto
209 1186 267 1225 annis
278 1185 417 1236 quadraginta,
433 1186 507 1225 domus
524 1186 603 1225 lsrael?
625 1184 690 1235 Atqui
706 1185 802 1236 gestastis
818 1184 897 1224 Sanina
913 1182 980 1237 (Mer--

83 1244 177 1302 curium),
188 1259 255 1297 regem
266 1248 363 1294 vestram,
375 1248 395 1285 et
405 1246 485 1287 Kaivau
497 1242 634 1303 (Saturnum),
647 1245 701 1285 idola
711 1249 783 1293 vestra,
800 1244 879 1285 stellam
890 1245 976 1287 deorum

82 1309 203 1355 vestrorum,
219 1319 270 1359 quos
285 1306 361 1347 lecistis
378 1307 442 1349 vobis.
468 1307 518 1346 Ideo
535 1307 623 1359 migrare
639 1306 711 1346 faciam
728 1302 852 1357 (deportabo)
868 1318 903 1346 vos
921 1309 979 1347 ultra

82 1370 219 1409 Damascum“.
250 1368 279 1407 Hx
295 1368 368 1420 quibus
385 1368 454 1408 verbis
476 1369 594 1408 conclusum
618 1370 649 1416 est
670 1369 706 1406 aut
725 1367 819 1417 antiquos
835 1367 979 1409 Hebraeorum

83 1430 130 1470 deos
140 1428 263 1469 Mercurium
273 1432 294 1468 et
304 1430 419 1477 Saturnum,
435 1442 478 1468 non
491 1428 572 1469 Jahven
587 1429 656 1477 fuisse,
674 1427 731 1468 cuius
747 1429 819 1469 erroris
835 1431 885 1468 tunc
900 1442 980 1479 poenas

82 1491 128 1530 dare
140 1490 240 1539 deberent,
257 1492 292 1529 aut
307 1490 425 1541 prophetam
436 1490 528 1542 aliquam
539 1490 684 1536 narrationem,
701 1484 740 1541 [pua
751 1489 851 1530 Hebraeos
861 1490 885 1529 in
895 1490 979 1531 deserto.

83 1552 228 1591 commorantes
245 1551 269 1590 ad
284 1550 327 1590 illos
339 1551 385 1590 deos
398 1550 496 1592 defecisse
511 1550 611 1590 traditum
629 1552 663 1598 est,
681 1549 793 1601 cognovisse
809 1553 906 1600 oportere,
923 1566 977 1604 quae

82 1613 170 1652 narratio
187 1611 212 1650 ad
227 1614 315 1651 nostram
330 1612 448 1651 memoriam
458 1624 502 1651 non
513 1613 608 1652 manavit.
635 1613 663 1650 At
676 1613 762 1663 utraque
777 1611 918 1663 interpretatio
935 1626 979 1653 non

82 1673 177 1713 modoad
189 1672 297 1712 arbitrium
307 1672 359 1712 lacta
369 1675 404 1720 est,
421 1673 455 1712 sed
467 1672 531 1712 etiam
547 1672 692 1724 grammaticae
708 1674 812 1723 repugnat.
837 1672 867 1712 Ha
878 1675 979 1724 postulat,

83 1735 107 1773 ut
123 1730 196 1767 ansani
211 1733 350 1785 imperfectum
366 1733 481 1773 describens
496 1733 618 1784 recipiamus
629 1735 649 1772 et
663 1734 716 1772 hunc
727 1733 750 1773 in
759 1734 841 1773 modum
856 1734 976 1774 reddamus:

83 1795 150 1842 „Num
165 1794 257 1836 victimas
273 1794 374 1834 obtulistis
389 1794 439 1834 milri
455 1794 478 1833 in
495 1794 575 1834 deserto
592 1797 612 1833 et
628 1795 697 1834 eodem
713 1795 802 1844 tempore
818 1795 879 1834 simul
895 1795 978 1835 Sauras

83 1858 104 1894 et
119 1855 197 1895 Kaivan
213 1854 320 1906 gestastis?
351 1855 433 1895 lllinime
449 1868 485 1895 vos
502 1855 585 1907 quidem
601 1855 622 1894 id
639 1854 718 1895 fecistis,
749 1855 786 1894 Sed
802 1856 894 1895 nuncid
910 1857 985 1896 facitis-

82 1916 166 1968 ideoque
182 1916 290 1966 deportabo
305 1929 339 1956 vos
354 1917 409 1955 ultra
424 1916 565 1957 Damascum‘t
597 1917 708 1967 Prophetae
728 1916 791 1968 igitur
810 1918 911 1957 sententia
928 1918 978 1957 haec

83 1979 122 2016 est:
139 1977 164 2016 In
174 1977 252 2017 deserto
268 1976 341 2017 Jahvae
349 1977 393 2016 'uni
404 1977 500 2017 victimas
516 1977 652 2025 mactavistis;
671 1978 732 2028 atque
748 1977 809 2017 etiam
824 1991 879 2018 nunc
889 1979 908 2018 ei
920 1992 979 2018 sacra

83 2037 153 2085 facitis,
174 2038 208 2077 sed
229 2037 297 2079 eodem
317 2039 406 2090 tempore
427 2039 486 2090 signa
503 2038 588 2077 deorum
605 2037 708 2077 astralium
723 2038 881 2090 Babyloniorum
897 2041 984 2091 pompis-

83 2098 220 2138 circamlertis.
253 2098 295 2145 (lua
314 2099 413 2139 sententia
428 2102 492 2138 Amos
513 2098 622 2138 defectioni
638 2111 650 2138 a
665 2111 711 2139 vero
728 2099 770 2146 cleo,
792 2112 842 2151 quae
862 2114 918 2140 nunc
941 2105 977 2149 est,

83 2159 233 2199 venerationem
253 2159 314 2199 unius
334 2159 415 2209 tantae,
437 2173 490 2211 quae
512 2160 569 2211 prius
585 2161 633 2207 erat,
656 2173 739 2211 eamque
755 2167 796 2200 una
811 2173 857 2200 cam
873 2161 985 2202 sacrificiis

84 2221 174 2271 opponit
205 2220 259 2272 Ergo
275 2221 341 2260 Mosen
357 2221 416 2273 leges,
433 2233 485 2273 qaae
502 2221 528 2260 ad
545 2221 623 2260 cultum
641 2221 733 2260 divinum
750 2221 882 2272 pertinerent,
900 2223 980 2262 consti-

83 2280 146 2321 tuisse
162 2281 200 2321 sibi
216 2282 319 2332 persuasit.

145 2400 169 2456 b)
191 2398 301 2457 Originem
321 2400 474 2443 sacrificiorum
496 2402 636 2443 cruentorum
657 2399 801 2443 rationalistae
818 2415 830 2442 n
847 2402 986 2443 innotatione

84 2472 210 2515 nrrincnlc'nnv
232 2473 324 2527 repetere
345 2471 437 2517 student.
470 2472 576 2515 Homines
599 2486 680 2527 semper
701 2471 804 2524 metuisse,
826 2486 853 2515 ne
874 2475 983 2515 naturane

83 2543 198 2595 violarent3
220 2544 278 2588 cuius
298 2545 436 2588 violationem
457 2545 610 2603 gravissimam
630 2558 674 2588 esse
693 2544 864 2588 interfectionem
885 2545 985 2589 alicuius

83 2616 201 2661 animantis
216 2633 229 2660 a
245 2617 282 2661 deo
303 2617 376 2668 creati;
398 2633 464 2675 quare
485 2616 593 2670 homines,
614 2632 664 2660 cum
680 2618 737 2675 quod
758 2618 837 2661 animal
853 2618 984 2661 interficere

83 2689 164 2732 vellent
174 2692 196 2733 et
204 2690 310 2743 deberent,
321 2690 396 2734 saltem
407 2690 565 2735 conscientiam
573 2690 688 2748 reprimere
699 2690 802 2735 studuisse
811 2694 832 2734 et
840 2691 984 2747 sanguinent

83 2761 160 2820 inqua
176 2763 248 2807 anima
263 2764 324 2824 (rita)
336 2766 396 2816 esset,
412 2764 451 2808 deo
468 2765 588 2808 restituisse
604 2764 617 2807 i.
628 2780 645 2807 e
656 2765 768 2813 obtulisse3
784 2764 979 2822 quotienscumque

84 2835 160 2890 epulas
172 2837 306 2890 instruerent,
327 2837 364 2880 deo
382 2837 478 2881 debitam
493 2840 578 2894 partem
594 2837 687 2881 dicatam
703 2852 756 2888 esse;
777 2852 861 2900 esquo
878 2839 985 2894 tempore*

84 2909 155 2951 autem
170 2909 243 2966 epulas
258 2909 388 2953 sollemniter
404 2909 513 2954 celebrare
529 2910 611 2954 vellent
627 2914 649 2954 et
664 2910 745 2953 multos
761 2909 892 2961 invitassent,
909 2911 982 2953 etiamz
1014 2913 1015 2916 ’

84 2978 123 3022 deo
133 2983 211 3025 -totum
221 2982 384 3026 animalitatum
395 2997 449 3035 esse;
466 2983 498 3026 ita
514 2983 570 3026 illud
586 2982 737 3026 sacrificiorum
753 2996 819 3039 genus
836 2985 909 3027 ortum
926 2999 980 3036 esse,

84 3053 141 3108 quod
162 3056 278 3112 posteriore
300 3057 367 3099 aetate
388 3057 521 3114 sacrificinm
540 3057 664 3113 pacificata,
686 3055 756 3112 priore
778 3058 875 3100 circinatio
899 3056 923 3115 (I
941 3057 983 3101 Sin.

83 3129 104 3177 3,
122 3126 158 3187 14)
174 3128 336 3180 nominatarum
358 3128 432 3172 deinde
454 3129 521 3172 etiam
538 3130 673 3186 screnificlnrn,
695 3129 750 3185 qnod
765 3133 829 3173 totana
847 3130 981 3186 operatoria
