<?xml version="1.0" encoding="UTF-8"?>
<!DOCTYPE html PUBLIC "-//W3C//DTD XHTML 1.0 Transitional//EN"
    "http://www.w3.org/TR/xhtml1/DTD/xhtml1-transitional.dtd">
<html xmlns="http://www.w3.org/1999/xhtml" xml:lang="en" lang="en">
 <head>
  <title>
</title>
<meta http-equiv="Content-Type" content="text/html;charset=utf-8" />
  <meta name='ocr-system' content='tesseract 3.04.00' />
  <meta name='ocr-capabilities' content='ocr_page ocr_carea ocr_par ocr_line ocrx_word'/>
</head>
<body>
  <div class='ocr_page' id='page_1' title='image "./MN42078ucmf_3_0240.png"; bbox 0 0 2218 3388; ppageno 0'>
   <div class='ocr_carea' id='block_1_1' title="bbox 116 72 719 120">
    <p class='ocr_par' dir='ltr' id='par_1_1' title="bbox 116 72 719 120">
     <span class='ocr_line' id='line_1_1' title="bbox 116 72 719 120; baseline 0 -10"><span class='ocrx_word' id='word_1_1' title='bbox 116 74 168 117; x_wconf 67' lang='lat'>,1206</span> <span class='ocrx_word' id='word_1_2' title='bbox 419 72 465 109; x_wconf 80' lang='lat' dir='ltr'>Pars</span> <span class='ocrx_word' id='word_1_3' title='bbox 478 73 491 111; x_wconf 87' lang='grc' dir='ltr'>Ι.</span> <span class='ocrx_word' id='word_1_4' title='bbox 512 72 642 120; x_wconf 79' lang='lat' dir='ltr'>Antiquitates</span> <span class='ocrx_word' id='word_1_5' title='bbox 656 85 719 111; x_wconf 88' lang='lat' dir='ltr'>sacrae</span> 
     </span>
    </p>
   </div>
   <div class='ocr_carea' id='block_1_2' title="bbox 97 197 1064 1044">
    <p class='ocr_par' dir='ltr' id='par_1_2' title="bbox 97 197 1064 1044">
     <span class='ocr_line' id='line_1_2' title="bbox 119 197 1017 253; baseline 0.007 -17"><span class='ocrx_word' id='word_1_6' title='bbox 119 197 199 247; x_wconf 48' lang='lat' dir='ltr'>,patrie‘</span> <span class='ocrx_word' id='word_1_7' title='bbox 215 200 236 239; x_wconf 87' lang='lat' dir='ltr'>et</span> <span class='ocrx_word' id='word_1_8' title='bbox 247 199 352 238; x_wconf 78' lang='lat' dir='ltr'>duodecim</span> <span class='ocrx_word' id='word_1_9' title='bbox 368 213 456 251; x_wconf 83' lang='lat' dir='ltr'>gemmas</span> <span class='ocrx_word' id='word_1_10' title='bbox 473 200 587 251; x_wconf 86' lang='lat' dir='ltr'>splendidas</span> <span class='ocrx_word' id='word_1_11' title='bbox 604 208 662 253; x_wconf 80' lang='lat' dir='ltr'>typos</span> <span class='ocrx_word' id='word_1_12' title='bbox 679 201 818 253; x_wconf 86' lang='lat' dir='ltr'>apostolorum</span> <span class='ocrx_word' id='word_1_13' title='bbox 835 201 938 242; x_wconf 85' lang='lat' dir='ltr'>ecclesiam</span> <span class='ocrx_word' id='word_1_14' title='bbox 954 202 1017 243; x_wconf 90' lang='lat' dir='ltr'>collu-</span> 
     </span>
     <span class='ocr_line' id='line_1_3' title="bbox 124 258 1016 319; baseline 0.012 -23"><span class='ocrx_word' id='word_1_15' title='bbox 124 260 234 299; x_wconf 87' lang='lat' dir='ltr'>strantimu</span> <span class='ocrx_word' id='word_1_16' title='bbox 250 272 293 299; x_wconf 83' lang='lat' dir='ltr'>esse</span> <span class='ocrx_word' id='word_1_17' title='bbox 308 260 417 303; x_wconf 82' lang='lat' dir='ltr'>contendit.</span> <span class='ocrx_word' id='word_1_18' title='bbox 444 261 457 301; x_wconf 85' lang='lat' dir='ltr'><strong>J</strong></span> <span class='ocrx_word' id='word_1_19' title='bbox 462 261 570 302; x_wconf 87' lang='lat' dir='ltr'>ustinus</span> <span class='ocrx_word' id='word_1_20' title='bbox 582 258 666 317; x_wconf 83' lang='lat' dir='ltr'>(Dialog.</span> <span class='ocrx_word' id='word_1_21' title='bbox 678 276 693 302; x_wconf 90' lang='lat' dir='ltr'>c.</span> <span class='ocrx_word' id='word_1_22' title='bbox 705 262 778 314; x_wconf 78' lang='lat' dir='ltr'>Tryph.</span> <span class='ocrx_word' id='word_1_23' title='bbox 791 260 801 307; x_wconf 70' lang='grc' dir='ltr'>ἓ</span> <span class='ocrx_word' id='word_1_24' title='bbox 813 268 848 305; x_wconf 82' lang='grc'>42.</span> <span class='ocrx_word' id='word_1_25' title='bbox 860 263 920 303; x_wconf 69' lang='lat'>1181}</span> <span class='ocrx_word' id='word_1_26' title='bbox 933 270 951 314; x_wconf 83' lang='lat'>6,</span> <span class='ocrx_word' id='word_1_27' title='bbox 964 261 1016 319; x_wconf 78' lang='lat'>565)</span> 
     </span>
     <span class='ocr_line' id='line_1_4' title="bbox 124 318 1017 375; baseline 0.008 -18"><span class='ocrx_word' id='word_1_28' title='bbox 124 318 230 360; x_wconf 79' lang='lat' dir='ltr'>duodecim</span> <span class='ocrx_word' id='word_1_29' title='bbox 250 320 392 361; x_wconf 84' lang='lat' dir='ltr'>tintinnabula</span> <span class='ocrx_word' id='word_1_30' title='bbox 412 322 437 361; x_wconf 87' lang='lat' dir='ltr'>ad</span> <span class='ocrx_word' id='word_1_31' title='bbox 455 321 560 362; x_wconf 75' lang='lat' dir='ltr'>duodecim</span> <span class='ocrx_word' id='word_1_32' title='bbox 580 324 678 375; x_wconf 73' lang='lat' dir='ltr'>apiostolus</span> <span class='ocrx_word' id='word_1_33' title='bbox 699 334 810 375; x_wconf 84' lang='lat' dir='ltr'>eorumque</span> <span class='ocrx_word' id='word_1_34' title='bbox 831 324 932 364; x_wconf 87' lang='lat' dir='ltr'>orationes</span> <span class='ocrx_word' id='word_1_35' title='bbox 953 337 1017 365; x_wconf 87' lang='lat' dir='ltr'>sacras</span> 
     </span>
     <span class='ocr_line' id='line_1_5' title="bbox 119 381 1016 442; baseline 0.007 -23"><span class='ocrx_word' id='word_1_36' title='bbox 119 382 214 431; x_wconf 56' lang='lat' dir='ltr'>&gt;spectare</span> <span class='ocrx_word' id='word_1_37' title='bbox 230 381 338 422; x_wconf 83' lang='lat' dir='ltr'>existimat.</span> <span class='ocrx_word' id='word_1_38' title='bbox 371 382 546 435; x_wconf 75' lang='lat' dir='ltr'>Hieronymus</span> <span class='ocrx_word' id='word_1_39' title='bbox 563 383 644 438; x_wconf 69' lang='lat' dir='ltr'>(domm.</span> <span class='ocrx_word' id='word_1_40' title='bbox 660 385 682 424; x_wconf 91' lang='lat' dir='ltr'>in</span> <span class='ocrx_word' id='word_1_41' title='bbox 697 384 724 424; x_wconf 80' lang='lat' dir='ltr'>En</span> <span class='ocrx_word' id='word_1_42' title='bbox 738 397 752 423; x_wconf 83' lang='lat' dir='ltr'>o.</span> <span class='ocrx_word' id='word_1_43' title='bbox 765 390 800 427; x_wconf 85' lang='lat'>28.</span> <span class='ocrx_word' id='word_1_44' title='bbox 816 384 877 424; x_wconf 76' lang='lat'>1151</span> <span class='ocrx_word' id='word_1_45' title='bbox 895 391 929 433; x_wconf 90' lang='lat'>25,</span> <span class='ocrx_word' id='word_1_46' title='bbox 942 382 1016 442; x_wconf 81' lang='lat' dir='ltr'>270s)</span> 
     </span>
     <span class='ocr_line' id='line_1_6' title="bbox 97 440 1017 498; baseline 0.01 -20"><span class='ocrx_word' id='word_1_47' title='bbox 97 440 229 483; x_wconf 80' lang='lat' dir='ltr'>&#39;duodecim</span> <span class='ocrx_word' id='word_1_48' title='bbox 249 442 327 493; x_wconf 87' lang='lat' dir='ltr'>lapides</span> <span class='ocrx_word' id='word_1_49' title='bbox 348 443 447 495; x_wconf 80' lang='lat' dir='ltr'>pretiosos</span> <span class='ocrx_word' id='word_1_50' title='bbox 464 444 488 483; x_wconf 85' lang='lat' dir='ltr'>ad</span> <span class='ocrx_word' id='word_1_51' title='bbox 505 446 604 495; x_wconf 86' lang='lat' dir='ltr'>apostolos</span> <span class='ocrx_word' id='word_1_52' title='bbox 620 445 685 493; x_wconf 86' lang='lat' dir='ltr'>refert,</span> <span class='ocrx_word' id='word_1_53' title='bbox 707 458 758 497; x_wconf 87' lang='lat' dir='ltr'>quos</span> <span class='ocrx_word' id='word_1_54' title='bbox 774 445 873 493; x_wconf 76' lang='lat' dir='ltr'>Christus,</span> <span class='ocrx_word' id='word_1_55' title='bbox 890 459 950 486; x_wconf 88' lang='lat' dir='ltr'>verus</span> <span class='ocrx_word' id='word_1_56' title='bbox 967 459 1017 498; x_wconf 87' lang='lat' dir='ltr'>pon-</span> 
     </span>
     <span class='ocr_line' id='line_1_7' title="bbox 122 501 1016 556; baseline 0.007 -16"><span class='ocrx_word' id='word_1_57' title='bbox 122 501 179 552; x_wconf 77' lang='lat' dir='ltr'>tifex,</span> <span class='ocrx_word' id='word_1_58' title='bbox 197 503 222 543; x_wconf 84' lang='lat' dir='ltr'>ad</span> <span class='ocrx_word' id='word_1_59' title='bbox 233 507 304 554; x_wconf 87' lang='lat' dir='ltr'>peetus</span> <span class='ocrx_word' id='word_1_60' title='bbox 316 506 388 556; x_wconf 82' lang='lat' dir='ltr'>gestat,</span> <span class='ocrx_word' id='word_1_61' title='bbox 405 507 425 544; x_wconf 87' lang='lat' dir='ltr'>et</span> <span class='ocrx_word' id='word_1_62' title='bbox 436 505 485 545; x_wconf 78' lang='lat' dir='ltr'>diras</span> <span class='ocrx_word' id='word_1_63' title='bbox 501 518 589 556; x_wconf 82' lang='lat' dir='ltr'>gemmas</span> <span class='ocrx_word' id='word_1_64' title='bbox 605 507 627 545; x_wconf 89' lang='lat' dir='ltr'>in</span> <span class='ocrx_word' id='word_1_65' title='bbox 642 506 717 546; x_wconf 87' lang='lat' dir='ltr'>umeris</span> <span class='ocrx_word' id='word_1_66' title='bbox 734 505 808 545; x_wconf 86' lang='lat' dir='ltr'>summi</span> <span class='ocrx_word' id='word_1_67' title='bbox 825 506 935 547; x_wconf 83' lang='lat' dir='ltr'>sacerdotis</span> <span class='ocrx_word' id='word_1_68' title='bbox 951 520 1016 547; x_wconf 84' lang='lat' dir='ltr'>sacra-</span> 
     </span>
     <span class='ocr_line' id='line_1_8' title="bbox 121 564 1017 624; baseline 0.01 -24"><span class='ocrx_word' id='word_1_69' title='bbox 121 566 192 604; x_wconf 88' lang='lat' dir='ltr'>menta</span> <span class='ocrx_word' id='word_1_70' title='bbox 202 564 276 604; x_wconf 83' lang='lat' dir='ltr'>veteris</span> <span class='ocrx_word' id='word_1_71' title='bbox 287 567 307 604; x_wconf 85' lang='lat' dir='ltr'>et</span> <span class='ocrx_word' id='word_1_72' title='bbox 320 565 369 605; x_wconf 82' lang='lat' dir='ltr'>noui</span> <span class='ocrx_word' id='word_1_73' title='bbox 379 564 496 606; x_wconf 81' lang='lat' dir='ltr'>testamenti</span> <span class='ocrx_word' id='word_1_74' title='bbox 512 565 624 618; x_wconf 81' lang='lat' dir='ltr'>significare</span> <span class='ocrx_word' id='word_1_75' title='bbox 639 569 710 607; x_wconf 87' lang='lat' dir='ltr'>censet.</span> <span class='ocrx_word' id='word_1_76' title='bbox 738 567 910 618; x_wconf 75' lang='lat' dir='ltr'><strong>Augustinus</strong></span> <span class='ocrx_word' id='word_1_77' title='bbox 927 565 1017 624; x_wconf 72' lang='lat' dir='ltr'>(Quaest.</span> 
     </span>
     <span class='ocr_line' id='line_1_9' title="bbox 121 623 1017 684; baseline 0.007 -21"><span class='ocrx_word' id='word_1_78' title='bbox 121 623 145 663; x_wconf 86' lang='lat' dir='ltr'>in</span> <span class='ocrx_word' id='word_1_79' title='bbox 161 624 215 676; x_wconf 87' lang='lat' dir='ltr'>Hept</span> <span class='ocrx_word' id='word_1_80' title='bbox 228 625 295 667; x_wconf 86' lang='lat' dir='ltr'>teuch.</span> <span class='ocrx_word' id='word_1_81' title='bbox 311 626 324 666; x_wconf 88' lang='lat'>1.</span> <span class='ocrx_word' id='word_1_82' title='bbox 342 632 361 667; x_wconf 82' lang='lat'>2.</span> <span class='ocrx_word' id='word_1_83' title='bbox 378 640 412 679; x_wconf 85' lang='lat' dir='ltr'>qu.</span> <span class='ocrx_word' id='word_1_84' title='bbox 431 633 478 669; x_wconf 79' lang='lat'>113.</span> <span class='ocrx_word' id='word_1_85' title='bbox 494 626 522 670; x_wconf 83' lang='lat' dir='ltr'>ib.</span> <span class='ocrx_word' id='word_1_86' title='bbox 540 633 573 676; x_wconf 74' lang='lat'>31,</span> <span class='ocrx_word' id='word_1_87' title='bbox 592 624 654 684; x_wconf 80' lang='lat'>331):</span> <span class='ocrx_word' id='word_1_88' title='bbox 676 628 747 677; x_wconf 78' lang='lat' dir='ltr'>„Veste</span> <span class='ocrx_word' id='word_1_89' title='bbox 766 627 937 672; x_wconf 85' lang='lat' dir='ltr'>sacerdotali</span> <span class='ocrx_word' id='word_1_90' title='bbox 955 629 1017 682; x_wconf 83' lang='lat' dir='ltr'>signi-</span> 
     </span>
     <span class='ocr_line' id='line_1_10' title="bbox 123 683 1017 746; baseline 0.008 -24"><span class='ocrx_word' id='word_1_91' title='bbox 123 683 196 724; x_wconf 86' lang='lat' dir='ltr'>ficatur</span> <span class='ocrx_word' id='word_1_92' title='bbox 216 686 316 726; x_wconf 82' lang='lat' dir='ltr'>ecolesia“.</span> <span class='ocrx_word' id='word_1_93' title='bbox 348 687 375 726; x_wconf 78' lang='lat' dir='ltr'>Et</span> <span class='ocrx_word' id='word_1_94' title='bbox 395 684 440 743; x_wconf 81' lang='lat' dir='ltr'>(qu.</span> <span class='ocrx_word' id='word_1_95' title='bbox 458 693 506 729; x_wconf 80' lang='lat'>123.</span> <span class='ocrx_word' id='word_1_96' title='bbox 527 688 554 728; x_wconf 79' lang='lat' dir='ltr'>it,</span> <span class='ocrx_word' id='word_1_97' title='bbox 571 685 636 744; x_wconf 68' lang='lat' dir='ltr'>tell:</span> <span class='ocrx_word' id='word_1_98' title='bbox 657 689 715 740; x_wconf 89' lang='lat' dir='ltr'>„lpsa</span> <span class='ocrx_word' id='word_1_99' title='bbox 736 688 806 743; x_wconf 84' lang='lat' dir='ltr'>(vestis</span> <span class='ocrx_word' id='word_1_100' title='bbox 828 686 946 746; x_wconf 82' lang='lat' dir='ltr'>sacerdotis)</span> <span class='ocrx_word' id='word_1_101' title='bbox 968 690 1017 742; x_wconf 90' lang='lat' dir='ltr'>quid</span> 
     </span>
     <span class='ocr_line' id='line_1_11' title="bbox 121 744 1016 805; baseline 0.008 -22"><span class='ocrx_word' id='word_1_102' title='bbox 121 744 180 786; x_wconf 87' lang='lat' dir='ltr'>aliud</span> <span class='ocrx_word' id='word_1_103' title='bbox 197 761 259 799; x_wconf 77' lang='lat' dir='ltr'>cpiam</span> <span class='ocrx_word' id='word_1_104' title='bbox 274 748 369 788; x_wconf 84' lang='lat' dir='ltr'>ecclesiae</span> <span class='ocrx_word' id='word_1_105' title='bbox 386 749 510 788; x_wconf 84' lang='lat' dir='ltr'>sacramenta</span> <span class='ocrx_word' id='word_1_106' title='bbox 525 749 640 802; x_wconf 78' lang='lat' dir='ltr'>significat?</span> <span class='ocrx_word' id='word_1_107' title='bbox 671 749 730 796; x_wconf 75' lang='lat' dir='ltr'>cuod</span> <span class='ocrx_word' id='word_1_108' title='bbox 746 749 767 789; x_wconf 89' lang='lat' dir='ltr'>in</span> <span class='ocrx_word' id='word_1_109' title='bbox 784 750 848 805; x_wconf 80' lang='grc' dir='ltr'>λογίῳ</span> <span class='ocrx_word' id='word_1_110' title='bbox 864 750 877 790; x_wconf 86' lang='lat' dir='ltr'>i.</span> <span class='ocrx_word' id='word_1_111' title='bbox 889 764 905 791; x_wconf 91' lang='lat' dir='ltr'>e.</span> <span class='ocrx_word' id='word_1_112' title='bbox 916 751 1016 800; x_wconf 73' lang='lat' dir='ltr'>rationali,</span> 
     </span>
     <span class='ocr_line' id='line_1_12' title="bbox 120 805 1017 860; baseline 0.008 -16"><span class='ocrx_word' id='word_1_113' title='bbox 120 805 145 845; x_wconf 85' lang='lat' dir='ltr'>in</span> <span class='ocrx_word' id='word_1_114' title='bbox 160 809 241 858; x_wconf 85' lang='lat' dir='ltr'>pectore</span> <span class='ocrx_word' id='word_1_115' title='bbox 264 809 374 849; x_wconf 85' lang='lat' dir='ltr'>sacerdotis</span> <span class='ocrx_word' id='word_1_116' title='bbox 394 809 465 860; x_wconf 87' lang='lat' dir='ltr'>posito,</span> <span class='ocrx_word' id='word_1_117' title='bbox 486 809 561 850; x_wconf 86' lang='lat' dir='ltr'>iudicia</span> <span class='ocrx_word' id='word_1_118' title='bbox 581 811 693 859; x_wconf 82' lang='lat' dir='ltr'>constituit,</span> <span class='ocrx_word' id='word_1_119' title='bbox 713 810 826 850; x_wconf 78' lang='lat' dir='ltr'>inlumina</span> <span class='ocrx_word' id='word_1_120' title='bbox 843 824 890 851; x_wconf 90' lang='lat' dir='ltr'>vero</span> <span class='ocrx_word' id='word_1_121' title='bbox 906 812 1017 852; x_wconf 87' lang='lat' dir='ltr'>sanctifica-</span> 
     </span>
     <span class='ocr_line' id='line_1_13' title="bbox 123 867 1064 924; baseline 0.007 -18"><span class='ocrx_word' id='word_1_122' title='bbox 123 867 200 908; x_wconf 83' lang='lat' dir='ltr'>tionem</span> <span class='ocrx_word' id='word_1_123' title='bbox 216 872 237 909; x_wconf 90' lang='lat' dir='ltr'>et</span> <span class='ocrx_word' id='word_1_124' title='bbox 252 869 377 910; x_wconf 83' lang='lat' dir='ltr'>ablationem</span> <span class='ocrx_word' id='word_1_125' title='bbox 392 872 530 922; x_wconf 85' lang='lat' dir='ltr'>peccatorum:</span> <span class='ocrx_word' id='word_1_126' title='bbox 547 874 650 924; x_wconf 83' lang='lat' dir='ltr'>tamquam</span> <span class='ocrx_word' id='word_1_127' title='bbox 664 872 762 911; x_wconf 81' lang='lat' dir='ltr'>rationale</span> <span class='ocrx_word' id='word_1_128' title='bbox 779 871 807 910; x_wconf 86' lang='lat' dir='ltr'>sit</span> <span class='ocrx_word' id='word_1_129' title='bbox 822 871 845 910; x_wconf 86' lang='lat' dir='ltr'>in</span> <span class='ocrx_word' id='word_1_130' title='bbox 860 873 942 922; x_wconf 85' lang='lat' dir='ltr'>pectore</span> <span class='ocrx_word' id='word_1_131' title='bbox 952 873 1017 913; x_wconf 86' lang='lat' dir='ltr'>simile</span> <span class='ocrx_word' id='word_1_132' title='bbox 1063 905 1064 909; x_wconf 56' lang='grc'>,</span> 
     </span>
     <span class='ocr_line' id='line_1_14' title="bbox 119 931 1017 985; baseline 0.007 -18"><span class='ocrx_word' id='word_1_133' title='bbox 119 941 185 976; x_wconf 86' lang='lat' dir='ltr'>areae,</span> <span class='ocrx_word' id='word_1_134' title='bbox 203 931 225 969; x_wconf 90' lang='lat' dir='ltr'>in</span> <span class='ocrx_word' id='word_1_135' title='bbox 241 944 283 981; x_wconf 79' lang='lat' dir='ltr'>qiia</span> <span class='ocrx_word' id='word_1_136' title='bbox 298 932 330 970; x_wconf 81' lang='lat' dir='ltr'>lex</span> <span class='ocrx_word' id='word_1_137' title='bbox 347 933 396 979; x_wconf 88' lang='lat' dir='ltr'>crat,</span> <span class='ocrx_word' id='word_1_138' title='bbox 413 933 433 971; x_wconf 89' lang='lat' dir='ltr'>et</span> <span class='ocrx_word' id='word_1_139' title='bbox 448 931 524 971; x_wconf 85' lang='lat' dir='ltr'>lamina</span> <span class='ocrx_word' id='word_1_140' title='bbox 539 932 575 972; x_wconf 81' lang='lat' dir='ltr'>illa</span> <span class='ocrx_word' id='word_1_141' title='bbox 589 933 611 972; x_wconf 91' lang='lat' dir='ltr'>in</span> <span class='ocrx_word' id='word_1_142' title='bbox 626 933 692 972; x_wconf 84' lang='lat' dir='ltr'>fronte</span> <span class='ocrx_word' id='word_1_143' title='bbox 708 932 780 972; x_wconf 86' lang='lat' dir='ltr'>similis</span> <span class='ocrx_word' id='word_1_144' title='bbox 797 932 945 983; x_wconf 85' lang='lat' dir='ltr'>propitiatorio,</span> <span class='ocrx_word' id='word_1_145' title='bbox 963 934 1017 985; x_wconf 87' lang='lat' dir='ltr'>quod</span> 
     </span>
     <span class='ocr_line' id='line_1_15' title="bbox 119 992 918 1044; baseline 0.005 -15"><span class='ocrx_word' id='word_1_146' title='bbox 119 1002 186 1040; x_wconf 85' lang='lat' dir='ltr'>supra</span> <span class='ocrx_word' id='word_1_147' title='bbox 203 1004 270 1031; x_wconf 85' lang='lat' dir='ltr'>aream</span> <span class='ocrx_word' id='word_1_148' title='bbox 286 994 346 1031; x_wconf 84' lang='lat' dir='ltr'>erot“.</span> <span class='ocrx_word' id='word_1_149' title='bbox 379 992 476 1031; x_wconf 80' lang='lat' dir='ltr'>Similiter</span> <span class='ocrx_word' id='word_1_150' title='bbox 491 992 526 1032; x_wconf 89' lang='lat' dir='ltr'>alii</span> <span class='ocrx_word' id='word_1_151' title='bbox 540 995 607 1044; x_wconf 65' lang='lat' dir='ltr'>lintres</span> <span class='ocrx_word' id='word_1_152' title='bbox 623 995 643 1033; x_wconf 90' lang='lat' dir='ltr'>et</span> <span class='ocrx_word' id='word_1_153' title='bbox 658 993 764 1044; x_wconf 71' lang='lat' dir='ltr'>scriptores</span> <span class='ocrx_word' id='word_1_154' title='bbox 780 993 918 1034; x_wconf 84' lang='lat' dir='ltr'>ecelesiastici.</span> 
     </span>
    </p>
   </div>
   <div class='ocr_carea' id='block_1_3' title="bbox 116 1120 1017 1257">
    <p class='ocr_par' dir='ltr' id='par_1_3' title="bbox 116 1120 1017 1257">
     <span class='ocr_line' id='line_1_16' title="bbox 185 1120 1017 1182; baseline 0.004 -18"><span class='ocrx_word' id='word_1_155' title='bbox 185 1122 204 1178; x_wconf 80' lang='lat' dir='ltr'>c)</span> <span class='ocrx_word' id='word_1_156' title='bbox 222 1120 317 1165; x_wconf 82' lang='lat' dir='ltr'>Vestitus</span> <span class='ocrx_word' id='word_1_157' title='bbox 333 1122 464 1177; x_wconf 84' lang='lat' dir='ltr'>pontificalis</span> <span class='ocrx_word' id='word_1_158' title='bbox 480 1124 512 1165; x_wconf 88' lang='lat' dir='ltr'>est</span> <span class='ocrx_word' id='word_1_159' title='bbox 523 1122 613 1180; x_wconf 88' lang='lat' dir='ltr'>denique</span> <span class='ocrx_word' id='word_1_160' title='bbox 624 1129 752 1182; x_wconf 67' lang='lat' dir='ltr'>prototypus</span> <span class='ocrx_word' id='word_1_161' title='bbox 767 1126 939 1168; x_wconf 73' lang='lat' dir='ltr'>vestimentorum</span> <span class='ocrx_word' id='word_1_162' title='bbox 955 1125 1017 1169; x_wconf 79' lang='lat' dir='ltr'>litur-</span> 
     </span>
     <span class='ocr_line' id='line_1_17' title="bbox 116 1195 625 1257; baseline 0.002 -19"><span class='ocrx_word' id='word_1_163' title='bbox 116 1197 219 1251; x_wconf 27' lang='lat' dir='ltr'>,pr&#39;ecruru</span> <span class='ocrx_word' id='word_1_164' title='bbox 236 1195 408 1255; x_wconf 87' lang='lat' dir='ltr'>(sacerdotalium</span> <span class='ocrx_word' id='word_1_165' title='bbox 423 1198 444 1239; x_wconf 91' lang='lat' dir='ltr'>et</span> <span class='ocrx_word' id='word_1_166' title='bbox 460 1195 625 1257; x_wconf 74' lang='lat' dir='ltr'>episcopalium).</span> 
     </span>
    </p>
   </div>
   <div class='ocr_carea' id='block_1_4' title="bbox 117 1307 1018 1487">
    <p class='ocr_par' dir='ltr' id='par_1_4' title="bbox 117 1307 1018 1487">
     <span class='ocr_line' id='line_1_18' title="bbox 185 1307 1015 1364; baseline 0.002 -16"><span class='ocrx_word' id='word_1_167' title='bbox 185 1309 250 1356; x_wconf 67' lang='lat' dir='ltr'>(ticam</span> <span class='ocrx_word' id='word_1_168' title='bbox 263 1309 434 1361; x_wconf 81' lang='lat' dir='ltr'>significationem</span> <span class='ocrx_word' id='word_1_169' title='bbox 450 1310 544 1349; x_wconf 65' lang='lat' dir='ltr'>uacarios</span> <span class='ocrx_word' id='word_1_170' title='bbox 556 1310 645 1360; x_wconf 80' lang='lat' dir='ltr'>lluurue,</span> <span class='ocrx_word' id='word_1_171' title='bbox 661 1307 788 1361; x_wconf 73' lang='lat' dir='ltr'>Wulufiiduc</span> <span class='ocrx_word' id='word_1_172' title='bbox 799 1310 878 1363; x_wconf 67' lang='lat' dir='ltr'>sci-aco,</span> <span class='ocrx_word' id='word_1_173' title='bbox 891 1312 1015 1364; x_wconf 60' lang='lat' dir='ltr'>narraturus,</span> 
     </span>
     <span class='ocr_line' id='line_1_19' title="bbox 118 1367 1018 1425; baseline 0.003 -17"><span class='ocrx_word' id='word_1_174' title='bbox 118 1369 224 1421; x_wconf 79' lang='lat' dir='ltr'>imprimis</span> <span class='ocrx_word' id='word_1_175' title='bbox 240 1371 352 1410; x_wconf 77' lang='lat' dir='ltr'>Dcuuudus</span> <span class='ocrx_word' id='word_1_176' title='bbox 373 1367 462 1425; x_wconf 70' lang='lat' dir='ltr'>(lintion.</span> <span class='ocrx_word' id='word_1_177' title='bbox 478 1370 542 1410; x_wconf 68' lang='lat' dir='ltr'>(lirin.</span> <span class='ocrx_word' id='word_1_178' title='bbox 558 1371 607 1411; x_wconf 82' lang='lat' dir='ltr'>ollio.</span> <span class='ocrx_word' id='word_1_179' title='bbox 625 1376 643 1421; x_wconf 87' lang='lat'>3,</span> <span class='ocrx_word' id='word_1_180' title='bbox 662 1377 699 1413; x_wconf 78' lang='lat'>13:</span> <span class='ocrx_word' id='word_1_181' title='bbox 721 1373 750 1411; x_wconf 85' lang='lat' dir='ltr'>De</span> <span class='ocrx_word' id='word_1_182' title='bbox 769 1371 897 1412; x_wconf 81' lang='lat' dir='ltr'>indumentis</span> <span class='ocrx_word' id='word_1_183' title='bbox 918 1373 1018 1424; x_wconf 85' lang='lat' dir='ltr'>legalibus</span> 
     </span>
     <span class='ocr_line' id='line_1_20' title="bbox 117 1428 609 1487; baseline 0.006 -18"><span class='ocrx_word' id='word_1_184' title='bbox 117 1431 166 1471; x_wconf 83' lang='lat' dir='ltr'>sive</span> <span class='ocrx_word' id='word_1_185' title='bbox 182 1430 255 1471; x_wconf 81' lang='lat' dir='ltr'>veteris</span> <span class='ocrx_word' id='word_1_186' title='bbox 271 1428 403 1487; x_wconf 72' lang='lat' dir='ltr'>testamenti),</span> <span class='ocrx_word' id='word_1_187' title='bbox 420 1431 455 1471; x_wconf 83' lang='lat' dir='ltr'>alii</span> <span class='ocrx_word' id='word_1_188' title='bbox 470 1434 609 1483; x_wconf 81' lang='lat' dir='ltr'>exposuerunt.</span> 
     </span>
    </p>
   </div>
   <div class='ocr_carea' id='block_1_5' title="bbox 185 1585 1016 1643">
    <p class='ocr_par' dir='ltr' id='par_1_5' title="bbox 185 1585 1016 1643">
     <span class='ocr_line' id='line_1_21' title="bbox 185 1585 1016 1643; baseline 0 -12"><span class='ocrx_word' id='word_1_189' title='bbox 185 1587 209 1643; x_wconf 73' lang='grc'>2)</span> <span class='ocrx_word' id='word_1_190' title='bbox 226 1585 360 1643; x_wconf 78' lang='lat' dir='ltr'>Significatio</span> <span class='ocrx_word' id='word_1_191' title='bbox 381 1586 502 1629; x_wconf 85' lang='lat' dir='ltr'>moralis</span> <span class='ocrx_word' id='word_1_192' title='bbox 521 1585 564 1629; x_wconf 89' lang='lat' dir='ltr'>sive</span> <span class='ocrx_word' id='word_1_193' title='bbox 585 1586 611 1629; x_wconf 85' lang='lat' dir='ltr'>ad</span> <span class='ocrx_word' id='word_1_194' title='bbox 628 1601 713 1629; x_wconf 87' lang='lat' dir='ltr'>morum</span> <span class='ocrx_word' id='word_1_195' title='bbox 729 1586 878 1630; x_wconf 86' lang='lat' dir='ltr'>condicionem</span> <span class='ocrx_word' id='word_1_196' title='bbox 895 1588 1016 1643; x_wconf 86' lang='lat' dir='ltr'>pertinens:</span> 
     </span>
    </p>
   </div>
   <div class='ocr_carea' id='block_1_6' title="bbox 118 1683 1017 1816">
    <p class='ocr_par' dir='ltr' id='par_1_6' title="bbox 118 1683 1017 1816">
     <span class='ocr_line' id='line_1_22' title="bbox 185 1683 1017 1743; baseline -0.001 -17"><span class='ocrx_word' id='word_1_197' title='bbox 185 1685 206 1743; x_wconf 74' lang='lat' dir='ltr'>a)</span> <span class='ocrx_word' id='word_1_198' title='bbox 223 1683 303 1727; x_wconf 86' lang='lat' dir='ltr'>llirum</span> <span class='ocrx_word' id='word_1_199' title='bbox 318 1686 356 1740; x_wconf 61' lang='lat' dir='ltr'>est,</span> <span class='ocrx_word' id='word_1_200' title='bbox 373 1683 432 1741; x_wconf 86' lang='lat' dir='ltr'>quod</span> <span class='ocrx_word' id='word_1_201' title='bbox 446 1684 582 1727; x_wconf 85' lang='lat' dir='ltr'>talmudistae</span> <span class='ocrx_word' id='word_1_202' title='bbox 599 1685 759 1741; x_wconf 76' lang='lat' dir='ltr'>compluresque</span> <span class='ocrx_word' id='word_1_203' title='bbox 774 1683 937 1727; x_wconf 66' lang='lat' dir='ltr'>rabffinivaria</span> <span class='ocrx_word' id='word_1_204' title='bbox 953 1683 1017 1726; x_wconf 89' lang='lat' dir='ltr'>vesti-</span> 
     </span>
     <span class='ocr_line' id='line_1_23' title="bbox 118 1756 1016 1816; baseline 0 -17"><span class='ocrx_word' id='word_1_205' title='bbox 118 1758 197 1799; x_wconf 87' lang='lat' dir='ltr'>menta</span> <span class='ocrx_word' id='word_1_206' title='bbox 213 1756 292 1799; x_wconf 89' lang='lat' dir='ltr'>summi</span> <span class='ocrx_word' id='word_1_207' title='bbox 308 1756 424 1800; x_wconf 86' lang='lat' dir='ltr'>sacerdotis</span> <span class='ocrx_word' id='word_1_208' title='bbox 441 1756 468 1799; x_wconf 89' lang='lat' dir='ltr'>ad</span> <span class='ocrx_word' id='word_1_209' title='bbox 483 1758 545 1801; x_wconf 81' lang='lat' dir='ltr'>curio</span> <span class='ocrx_word' id='word_1_210' title='bbox 560 1766 649 1816; x_wconf 81' lang='lat' dir='ltr'>percute</span> <span class='ocrx_word' id='word_1_211' title='bbox 664 1757 765 1809; x_wconf 82' lang='lat' dir='ltr'>referunt,</span> <span class='ocrx_word' id='word_1_212' title='bbox 785 1771 840 1813; x_wconf 81' lang='lat' dir='ltr'>quae</span> <span class='ocrx_word' id='word_1_213' title='bbox 856 1756 882 1799; x_wconf 85' lang='lat' dir='ltr'>iis</span> <span class='ocrx_word' id='word_1_214' title='bbox 899 1756 1016 1812; x_wconf 71' lang='lat' dir='ltr'>expientur.</span> 
     </span>
    </p>
   </div>
   <div class='ocr_carea' id='block_1_7' title="bbox 116 1869 1017 2885">
    <p class='ocr_par' dir='ltr' id='par_1_7' title="bbox 116 1869 1017 2885">
     <span class='ocr_line' id='line_1_24' title="bbox 185 1869 1017 1922; baseline -0.001 -13"><span class='ocrx_word' id='word_1_215' title='bbox 185 1872 214 1909; x_wconf 72' lang='lat' dir='ltr'>Ac</span> <span class='ocrx_word' id='word_1_216' title='bbox 230 1871 297 1909; x_wconf 76' lang='lat' dir='ltr'>treated</span> <span class='ocrx_word' id='word_1_217' title='bbox 313 1871 396 1922; x_wconf 86' lang='lat' dir='ltr'>quidem</span> <span class='ocrx_word' id='word_1_218' title='bbox 416 1872 496 1922; x_wconf 85' lang='lat' dir='ltr'>peccata</span> <span class='ocrx_word' id='word_1_219' title='bbox 516 1882 585 1909; x_wconf 88' lang='lat' dir='ltr'>eorum</span> <span class='ocrx_word' id='word_1_220' title='bbox 605 1870 685 1921; x_wconf 79' lang='lat' dir='ltr'>expiari,</span> <span class='ocrx_word' id='word_1_221' title='bbox 706 1869 742 1921; x_wconf 84' lang='lat' dir='ltr'>qui</span> <span class='ocrx_word' id='word_1_222' title='bbox 757 1870 881 1910; x_wconf 81' lang='lat' dir='ltr'>vestimentu</span> <span class='ocrx_word' id='word_1_223' title='bbox 902 1883 924 1908; x_wconf 85' lang='lat' dir='ltr'>ex</span> <span class='ocrx_word' id='word_1_224' title='bbox 941 1869 1017 1921; x_wconf 88' lang='lat' dir='ltr'>duplici</span> 
     </span>
     <span class='ocr_line' id='line_1_25' title="bbox 123 1928 1016 1987; baseline -0.001 -17"><span class='ocrx_word' id='word_1_225' title='bbox 123 1944 190 1981; x_wconf 88' lang='lat' dir='ltr'>panno</span> <span class='ocrx_word' id='word_1_226' title='bbox 207 1933 285 1982; x_wconf 81' lang='lat' dir='ltr'>gerant,</span> <span class='ocrx_word' id='word_1_227' title='bbox 302 1931 323 1970; x_wconf 89' lang='lat' dir='ltr'>id</span> <span class='ocrx_word' id='word_1_228' title='bbox 339 1931 394 1983; x_wconf 82' lang='lat' dir='ltr'>quod</span> <span class='ocrx_word' id='word_1_229' title='bbox 410 1932 437 1971; x_wconf 76' lang='lat' dir='ltr'>Dc</span> <span class='ocrx_word' id='word_1_230' title='bbox 454 1936 525 1980; x_wconf 88' lang='lat'>22,11</span> <span class='ocrx_word' id='word_1_231' title='bbox 544 1931 656 1980; x_wconf 82' lang='lat' dir='ltr'>vetabatur,</span> <span class='ocrx_word' id='word_1_232' title='bbox 672 1931 705 1970; x_wconf 80' lang='lat' dir='ltr'>rel</span> <span class='ocrx_word' id='word_1_233' title='bbox 722 1928 755 1987; x_wconf 80' lang='lat' dir='ltr'>(ut</span> <span class='ocrx_word' id='word_1_234' title='bbox 769 1931 866 1970; x_wconf 85' lang='lat' dir='ltr'>nonnulli</span> <span class='ocrx_word' id='word_1_235' title='bbox 882 1928 1016 1986; x_wconf 83' lang='lat' dir='ltr'>contendunt)</span> 
     </span>
     <span class='ocr_line' id='line_1_26' title="bbox 116 1987 1015 2047; baseline 0 -17"><span class='ocrx_word' id='word_1_236' title='bbox 116 1992 204 2031; x_wconf 82' lang='lat' dir='ltr'>eaedem</span> <span class='ocrx_word' id='word_1_237' title='bbox 214 1992 356 2042; x_wconf 84' lang='lat' dir='ltr'>voluntariam,</span> <span class='ocrx_word' id='word_1_238' title='bbox 372 1993 427 2044; x_wconf 85' lang='lat' dir='ltr'>quod</span> <span class='ocrx_word' id='word_1_239' title='bbox 440 1992 470 2031; x_wconf 76' lang='lat' dir='ltr'>Gn</span> <span class='ocrx_word' id='word_1_240' title='bbox 483 1997 515 2040; x_wconf 77' lang='lat'>31,</span> <span class='ocrx_word' id='word_1_241' title='bbox 528 1999 553 2034; x_wconf 91' lang='lat'>31</span> <span class='ocrx_word' id='word_1_242' title='bbox 571 1992 657 2043; x_wconf 81' lang='lat' dir='ltr'>legitur:</span> <span class='ocrx_word' id='word_1_243' title='bbox 674 1992 798 2041; x_wconf 84' lang='lat' dir='ltr'>„Tinxeruut</span> <span class='ocrx_word' id='word_1_244' title='bbox 813 1992 905 2031; x_wconf 85' lang='lat' dir='ltr'>tunicam</span> <span class='ocrx_word' id='word_1_245' title='bbox 922 1987 1015 2047; x_wconf 77' lang='lat' dir='ltr'>(loseph)</span> 
     </span>
     <span class='ocr_line' id='line_1_27' title="bbox 116 2052 1015 2104; baseline 0.003 -13"><span class='ocrx_word' id='word_1_246' title='bbox 116 2052 244 2104; x_wconf 77' lang='lat' dir='ltr'>:sanguine“;</span> <span class='ocrx_word' id='word_1_247' title='bbox 266 2054 391 2104; x_wconf 77' lang='lat' dir='ltr'>ferrrirrulibue</span> <span class='ocrx_word' id='word_1_248' title='bbox 406 2055 510 2104; x_wconf 84' lang='lat' dir='ltr'>peccatum</span> <span class='ocrx_word' id='word_1_249' title='bbox 526 2053 668 2103; x_wconf 76' lang='lat' dir='ltr'>impudicitiae,</span> <span class='ocrx_word' id='word_1_250' title='bbox 690 2052 745 2104; x_wconf 84' lang='lat' dir='ltr'>quod</span> <span class='ocrx_word' id='word_1_251' title='bbox 761 2053 873 2092; x_wconf 83' lang='lat' dir='ltr'>secundmn</span> <span class='ocrx_word' id='word_1_252' title='bbox 889 2052 918 2092; x_wconf 78' lang='lat' dir='ltr'>Ex</span> <span class='ocrx_word' id='word_1_253' title='bbox 936 2057 970 2100; x_wconf 84' lang='grc'>28,</span> <span class='ocrx_word' id='word_1_254' title='bbox 988 2058 1015 2094; x_wconf 80' lang='lat'>42</span> 
     </span>
     <span class='ocr_line' id='line_1_28' title="bbox 119 2107 1015 2166; baseline 0.002 -15"><span class='ocrx_word' id='word_1_255' title='bbox 119 2113 175 2153; x_wconf 70' lang='lat' dir='ltr'>nou</span> <span class='ocrx_word' id='word_1_256' title='bbox 196 2116 259 2162; x_wconf 84' lang='lat' dir='ltr'>erant,</span> <span class='ocrx_word' id='word_1_257' title='bbox 280 2116 318 2162; x_wconf 83' lang='lat' dir='ltr'>„ut</span> <span class='ocrx_word' id='word_1_258' title='bbox 338 2116 411 2166; x_wconf 80' lang='lat' dir='ltr'>tegant</span> <span class='ocrx_word' id='word_1_259' title='bbox 431 2126 511 2154; x_wconf 83' lang='lat' dir='ltr'>carnem</span> <span class='ocrx_word' id='word_1_260' title='bbox 530 2114 686 2154; x_wconf 72' lang='lat' dir='ltr'>verendorum‘:</span> <span class='ocrx_word' id='word_1_261' title='bbox 707 2114 762 2153; x_wconf 76' lang='lat' dir='ltr'>tiurd</span> <span class='ocrx_word' id='word_1_262' title='bbox 782 2107 888 2164; x_wconf 58' lang='lat' dir='ltr'>pec&#39;catmn</span> <span class='ocrx_word' id='word_1_263' title='bbox 905 2113 1015 2164; x_wconf 78' lang='lat' dir='ltr'>superbiae,</span> 
     </span>
     <span class='ocr_line' id='line_1_29' title="bbox 116 2171 1016 2230; baseline 0 -17"><span class='ocrx_word' id='word_1_264' title='bbox 116 2175 178 2225; x_wconf 39' lang='lat' dir='ltr'>*quod</span> <span class='ocrx_word' id='word_1_265' title='bbox 189 2175 218 2213; x_wconf 76' lang='lat' dir='ltr'>Eu</span> <span class='ocrx_word' id='word_1_266' title='bbox 231 2182 265 2223; x_wconf 73' lang='lat'>29,</span> <span class='ocrx_word' id='word_1_267' title='bbox 279 2183 290 2217; x_wconf 77' lang='lat' dir='ltr'>u</span> <span class='ocrx_word' id='word_1_268' title='bbox 307 2174 395 2227; x_wconf 82' lang='lat' dir='ltr'>legitur:</span> <span class='ocrx_word' id='word_1_269' title='bbox 412 2174 508 2225; x_wconf 79' lang='lat' dir='ltr'>„Aptatis</span> <span class='ocrx_word' id='word_1_270' title='bbox 518 2174 560 2213; x_wconf 91' lang='lat' dir='ltr'>illis</span> <span class='ocrx_word' id='word_1_271' title='bbox 576 2172 654 2229; x_wconf 74' lang='lat' dir='ltr'>(Aaron</span> <span class='ocrx_word' id='word_1_272' title='bbox 668 2174 752 2225; x_wconf 84' lang='lat' dir='ltr'>eiusque</span> <span class='ocrx_word' id='word_1_273' title='bbox 766 2171 822 2230; x_wconf 79' lang='lat' dir='ltr'>filiis)</span> <span class='ocrx_word' id='word_1_274' title='bbox 839 2174 924 2222; x_wconf 82' lang='lat' dir='ltr'>tiaras“;</span> <span class='ocrx_word' id='word_1_275' title='bbox 940 2175 1016 2226; x_wconf 75' lang='lat' dir='ltr'>eirrpulo</span> 
     </span>
     <span class='ocr_line' id='line_1_30' title="bbox 123 2231 1017 2290; baseline -0.002 -15"><span class='ocrx_word' id='word_1_276' title='bbox 123 2237 229 2285; x_wconf 80' lang='lat' dir='ltr'>peccatum</span> <span class='ocrx_word' id='word_1_277' title='bbox 250 2237 300 2275; x_wconf 78' lang='lat' dir='ltr'>lirrti</span> <span class='ocrx_word' id='word_1_278' title='bbox 320 2236 352 2275; x_wconf 90' lang='lat' dir='ltr'>vel</span> <span class='ocrx_word' id='word_1_279' title='bbox 373 2235 406 2289; x_wconf 85' lang='lat' dir='ltr'>(ut</span> <span class='ocrx_word' id='word_1_280' title='bbox 427 2236 463 2275; x_wconf 85' lang='lat' dir='ltr'>alii</span> <span class='ocrx_word' id='word_1_281' title='bbox 481 2231 560 2290; x_wconf 83' lang='lat' dir='ltr'>volunt)</span> <span class='ocrx_word' id='word_1_282' title='bbox 581 2235 658 2274; x_wconf 84' lang='lat' dir='ltr'>fraudis</span> <span class='ocrx_word' id='word_1_283' title='bbox 678 2234 769 2287; x_wconf 56' lang='lat' dir='ltr'>dolique</span> <span class='ocrx_word' id='word_1_284' title='bbox 791 2239 907 2276; x_wconf 76' lang='lat' dir='ltr'>oruurucruo</span> <span class='ocrx_word' id='word_1_285' title='bbox 919 2236 1017 2286; x_wconf 79' lang='lat' dir='ltr'>pectorali</span> 
     </span>
     <span class='ocr_line' id='line_1_31' title="bbox 116 2295 1016 2348; baseline 0 -13"><span class='ocrx_word' id='word_1_286' title='bbox 116 2299 204 2346; x_wconf 56' lang='lat' dir='ltr'>&#39;peccata</span> <span class='ocrx_word' id='word_1_287' title='bbox 220 2310 295 2346; x_wconf 87' lang='lat' dir='ltr'>eorum,</span> <span class='ocrx_word' id='word_1_288' title='bbox 317 2297 353 2348; x_wconf 86' lang='lat' dir='ltr'>qui</span> <span class='ocrx_word' id='word_1_289' title='bbox 369 2296 402 2336; x_wconf 92' lang='lat' dir='ltr'>ius</span> <span class='ocrx_word' id='word_1_290' title='bbox 420 2297 533 2348; x_wconf 84' lang='lat' dir='ltr'>torqueant,</span> <span class='ocrx_word' id='word_1_291' title='bbox 555 2296 609 2347; x_wconf 89' lang='lat' dir='ltr'>quod</span> <span class='ocrx_word' id='word_1_292' title='bbox 624 2296 652 2335; x_wconf 79' lang='lat' dir='ltr'>Ex</span> <span class='ocrx_word' id='word_1_293' title='bbox 670 2301 703 2343; x_wconf 73' lang='lat'>23,</span> <span class='ocrx_word' id='word_1_294' title='bbox 722 2302 748 2337; x_wconf 88' lang='lat'>15</span> <span class='ocrx_word' id='word_1_295' title='bbox 765 2296 852 2348; x_wconf 84' lang='lat' dir='ltr'>legitur:</span> <span class='ocrx_word' id='word_1_296' title='bbox 874 2295 954 2344; x_wconf 80' lang='lat' dir='ltr'>„Facies</span> <span class='ocrx_word' id='word_1_297' title='bbox 971 2308 1016 2346; x_wconf 88' lang='lat' dir='ltr'>pec-</span> 
     </span>
     <span class='ocr_line' id='line_1_32' title="bbox 123 2356 1017 2409; baseline 0 -14"><span class='ocrx_word' id='word_1_298' title='bbox 123 2358 186 2396; x_wconf 80' lang='lat' dir='ltr'>torale</span> <span class='ocrx_word' id='word_1_299' title='bbox 202 2358 297 2405; x_wconf 79' lang='lat' dir='ltr'>iudicii“;</span> <span class='ocrx_word' id='word_1_300' title='bbox 314 2358 377 2408; x_wconf 71' lang='lat' dir='ltr'>ephod</span> <span class='ocrx_word' id='word_1_301' title='bbox 387 2360 491 2409; x_wconf 80' lang='lat' dir='ltr'>peccatum</span> <span class='ocrx_word' id='word_1_302' title='bbox 507 2357 639 2406; x_wconf 82' lang='lat' dir='ltr'>idololatriae,</span> <span class='ocrx_word' id='word_1_303' title='bbox 655 2356 710 2408; x_wconf 88' lang='lat' dir='ltr'>quod</span> <span class='ocrx_word' id='word_1_304' title='bbox 721 2356 762 2396; x_wconf 84' lang='lat' dir='ltr'>Hcs</span> <span class='ocrx_word' id='word_1_305' title='bbox 774 2363 792 2405; x_wconf 90' lang='lat'>3,</span> <span class='ocrx_word' id='word_1_306' title='bbox 806 2357 917 2409; x_wconf 71' lang='lat' dir='ltr'>elegitur:</span> <span class='ocrx_word' id='word_1_307' title='bbox 935 2356 1017 2405; x_wconf 76' lang='lat' dir='ltr'>„Multis</span> 
     </span>
     <span class='ocr_line' id='line_1_33' title="bbox 123 2417 1017 2469; baseline 0 -13"><span class='ocrx_word' id='word_1_308' title='bbox 123 2418 194 2458; x_wconf 86' lang='lat' dir='ltr'>diebus</span> <span class='ocrx_word' id='word_1_309' title='bbox 210 2419 309 2458; x_wconf 79' lang='lat' dir='ltr'>sedebunt</span> <span class='ocrx_word' id='word_1_310' title='bbox 325 2418 362 2457; x_wconf 84' lang='lat' dir='ltr'>filii</span> <span class='ocrx_word' id='word_1_311' title='bbox 378 2419 439 2458; x_wconf 84' lang='lat' dir='ltr'>Israel</span> <span class='ocrx_word' id='word_1_312' title='bbox 451 2451 454 2458; x_wconf 95' lang='lat'>.</span> <span class='ocrx_word' id='word_1_313' title='bbox 467 2449 487 2460; x_wconf 88' lang='lat'>..</span> <span class='ocrx_word' id='word_1_314' title='bbox 504 2418 546 2457; x_wconf 88' lang='lat' dir='ltr'>sine</span> <span class='ocrx_word' id='word_1_315' title='bbox 563 2417 628 2468; x_wconf 85' lang='lat' dir='ltr'>ephod</span> <span class='ocrx_word' id='word_1_316' title='bbox 643 2425 663 2456; x_wconf 87' lang='lat' dir='ltr'>et</span> <span class='ocrx_word' id='word_1_317' title='bbox 679 2417 722 2456; x_wconf 87' lang='lat' dir='ltr'>sine</span> <span class='ocrx_word' id='word_1_318' title='bbox 737 2417 862 2469; x_wconf 84' lang='lat' dir='ltr'>teraphim“;</span> <span class='ocrx_word' id='word_1_319' title='bbox 879 2418 1017 2457; x_wconf 72' lang='lat' dir='ltr'>eiectiuuubulis</span> 
     </span>
     <span class='ocr_line' id='line_1_34' title="bbox 118 2469 1016 2534; baseline 0.003 -17"><span class='ocrx_word' id='word_1_320' title='bbox 118 2480 209 2527; x_wconf 84' lang='lat' dir='ltr'>¹tunicae,</span> <span class='ocrx_word' id='word_1_321' title='bbox 235 2492 321 2531; x_wconf 84' lang='lat' dir='ltr'>quorum</span> <span class='ocrx_word' id='word_1_322' title='bbox 343 2492 416 2534; x_wconf 84' lang='lat' dir='ltr'>sonum</span> <span class='ocrx_word' id='word_1_323' title='bbox 433 2469 484 2534; x_wconf 53' lang='grc' dir='ltr'>(Ἤρ)</span> <span class='ocrx_word' id='word_1_324' title='bbox 505 2479 526 2518; x_wconf 93' lang='lat' dir='ltr'>in</span> <span class='ocrx_word' id='word_1_325' title='bbox 547 2478 630 2518; x_wconf 83' lang='lat' dir='ltr'>sacrario</span> <span class='ocrx_word' id='word_1_326' title='bbox 651 2478 716 2518; x_wconf 87' lang='lat' dir='ltr'>audiri</span> <span class='ocrx_word' id='word_1_327' title='bbox 737 2479 844 2529; x_wconf 85' lang='lat' dir='ltr'>oportebat</span> <span class='ocrx_word' id='word_1_328' title='bbox 865 2477 903 2533; x_wconf 79' lang='lat' dir='ltr'>(Ex</span> <span class='ocrx_word' id='word_1_329' title='bbox 921 2483 955 2526; x_wconf 83' lang='lat'>28,</span> <span class='ocrx_word' id='word_1_330' title='bbox 973 2474 1016 2533; x_wconf 85' lang='lat'>35),</span> 
     </span>
     <span class='ocr_line' id='line_1_35' title="bbox 123 2526 1017 2591; baseline -0.001 -12"><span class='ocrx_word' id='word_1_331' title='bbox 123 2553 224 2580; x_wconf 82' lang='lat' dir='ltr'>sermones</span> <span class='ocrx_word' id='word_1_332' title='bbox 245 2541 315 2586; x_wconf 88' lang='lat' dir='ltr'>malos,</span> <span class='ocrx_word' id='word_1_333' title='bbox 337 2542 361 2579; x_wconf 84' lang='lat' dir='ltr'>ut</span> <span class='ocrx_word' id='word_1_334' title='bbox 379 2535 412 2584; x_wconf 54' lang='lat' dir='ltr'>&amp;tp</span> <span class='ocrx_word' id='word_1_335' title='bbox 428 2552 499 2579; x_wconf 86' lang='lat' dir='ltr'>rursus</span> <span class='ocrx_word' id='word_1_336' title='bbox 516 2526 549 2584; x_wconf 50' lang='lat'>¹5¹1?</span> <span class='ocrx_word' id='word_1_337' title='bbox 565 2539 665 2589; x_wconf 75' lang='lat' dir='ltr'>expietur,</span> <span class='ocrx_word' id='word_1_338' title='bbox 686 2540 762 2579; x_wconf 77' lang='lat' dir='ltr'>lurrce&#39;uct</span> <span class='ocrx_word' id='word_1_339' title='bbox 782 2540 869 2591; x_wconf 83' lang='lat' dir='ltr'>denique</span> <span class='ocrx_word' id='word_1_340' title='bbox 890 2541 959 2588; x_wconf 56' lang='lat' dir='ltr'>(auree,</span> <span class='ocrx_word' id='word_1_341' title='bbox 979 2539 1017 2578; x_wconf 83' lang='lat' dir='ltr'>ubi</span> 
     </span>
     <span class='ocr_line' id='line_1_36' title="bbox 123 2598 1016 2652; baseline -0.002 -12"><span class='ocrx_word' id='word_1_342' title='bbox 123 2614 197 2641; x_wconf 86' lang='lat' dir='ltr'>nomen</span> <span class='ocrx_word' id='word_1_343' title='bbox 208 2601 239 2641; x_wconf 88' lang='lat' dir='ltr'>dei</span> <span class='ocrx_word' id='word_1_344' title='bbox 255 2598 377 2652; x_wconf 83' lang='lat' dir='ltr'>inscriptu&#39;in</span> <span class='ocrx_word' id='word_1_345' title='bbox 394 2602 430 2650; x_wconf 87' lang='lat' dir='ltr'>est,</span> <span class='ocrx_word' id='word_1_346' title='bbox 447 2601 522 2652; x_wconf 75' lang='lat' dir='ltr'>expiari</span> <span class='ocrx_word' id='word_1_347' title='bbox 537 2602 642 2652; x_wconf 85' lang='lat' dir='ltr'>peccatum</span> <span class='ocrx_word' id='word_1_348' title='bbox 656 2600 759 2640; x_wconf 89' lang='lat' dir='ltr'>maledicti</span> <span class='ocrx_word' id='word_1_349' title='bbox 773 2600 795 2640; x_wconf 91' lang='lat' dir='ltr'>in</span> <span class='ocrx_word' id='word_1_350' title='bbox 806 2600 873 2648; x_wconf 86' lang='lat' dir='ltr'>deum,</span> <span class='ocrx_word' id='word_1_351' title='bbox 890 2599 945 2651; x_wconf 88' lang='lat' dir='ltr'>quod</span> <span class='ocrx_word' id='word_1_352' title='bbox 960 2599 1016 2639; x_wconf 73' lang='lat' dir='ltr'>ism</span> 
     </span>
     <span class='ocr_line' id='line_1_37' title="bbox 126 2659 1016 2714; baseline -0.002 -12"><span class='ocrx_word' id='word_1_353' title='bbox 126 2668 158 2710; x_wconf 72' lang='lat'>11,</span> <span class='ocrx_word' id='word_1_354' title='bbox 176 2669 203 2704; x_wconf 73' lang='lat' dir='ltr'>lu</span> <span class='ocrx_word' id='word_1_355' title='bbox 221 2663 306 2714; x_wconf 83' lang='lat' dir='ltr'>legitur:</span> <span class='ocrx_word' id='word_1_356' title='bbox 328 2661 397 2711; x_wconf 86' lang='lat' dir='ltr'>„Tulit</span> <span class='ocrx_word' id='word_1_357' title='bbox 412 2661 476 2701; x_wconf 82' lang='lat' dir='ltr'>David</span> <span class='ocrx_word' id='word_1_358' title='bbox 496 2662 630 2711; x_wconf 79' lang='lat' dir='ltr'>lapidem...</span> <span class='ocrx_word' id='word_1_359' title='bbox 651 2661 746 2712; x_wconf 82' lang='lat' dir='ltr'>feriitque</span> <span class='ocrx_word' id='word_1_360' title='bbox 763 2661 897 2700; x_wconf 81' lang='lat' dir='ltr'>Philistaeum</span> <span class='ocrx_word' id='word_1_361' title='bbox 912 2660 935 2699; x_wconf 91' lang='lat' dir='ltr'>in</span> <span class='ocrx_word' id='word_1_362' title='bbox 950 2659 1016 2700; x_wconf 82' lang='lat' dir='ltr'>fronte</span> 
     </span>
     <span class='ocr_line' id='line_1_38' title="bbox 116 2717 1016 2778; baseline -0.001 -16"><span class='ocrx_word' id='word_1_363' title='bbox 116 2724 179 2763; x_wconf 34' lang='lat' dir='ltr'>&#39;eius‘</span> <span class='ocrx_word' id='word_1_364' title='bbox 196 2725 216 2763; x_wconf 87' lang='lat' dir='ltr'>et</span> <span class='ocrx_word' id='word_1_365' title='bbox 232 2724 261 2763; x_wconf 84' lang='lat' dir='ltr'>Ex</span> <span class='ocrx_word' id='word_1_366' title='bbox 279 2728 312 2771; x_wconf 85' lang='lat'>28,</span> <span class='ocrx_word' id='word_1_367' title='bbox 325 2729 364 2766; x_wconf 89' lang='lat'>38:</span> <span class='ocrx_word' id='word_1_368' title='bbox 382 2723 420 2773; x_wconf 74' lang='lat' dir='ltr'>„Et</span> <span class='ocrx_word' id='word_1_369' title='bbox 435 2723 483 2762; x_wconf 85' lang='lat' dir='ltr'>haec</span> <span class='ocrx_word' id='word_1_370' title='bbox 498 2717 589 2778; x_wconf 74' lang='lat' dir='ltr'>(lamina)</span> <span class='ocrx_word' id='word_1_371' title='bbox 606 2722 645 2763; x_wconf 88' lang='lat' dir='ltr'>erit</span> <span class='ocrx_word' id='word_1_372' title='bbox 659 2722 681 2761; x_wconf 91' lang='lat' dir='ltr'>in</span> <span class='ocrx_word' id='word_1_373' title='bbox 696 2722 763 2762; x_wconf 86' lang='lat' dir='ltr'>fronte</span> <span class='ocrx_word' id='word_1_374' title='bbox 779 2722 867 2769; x_wconf 56' lang='lat' dir='ltr'>Acrone,</span> <span class='ocrx_word' id='word_1_375' title='bbox 883 2721 916 2761; x_wconf 82' lang='lat' dir='ltr'>vel</span> <span class='ocrx_word' id='word_1_376' title='bbox 932 2717 965 2776; x_wconf 78' lang='lat' dir='ltr'>(ut</span> <span class='ocrx_word' id='word_1_377' title='bbox 981 2722 1016 2761; x_wconf 84' lang='lat' dir='ltr'>olii</span> 
     </span>
     <span class='ocr_line' id='line_1_39' title="bbox 119 2779 1016 2836; baseline -0.002 -12"><span class='ocrx_word' id='word_1_378' title='bbox 119 2785 206 2836; x_wconf 85' lang='lat' dir='ltr'>putant)</span> <span class='ocrx_word' id='word_1_379' title='bbox 229 2786 335 2836; x_wconf 86' lang='lat' dir='ltr'>peccatum</span> <span class='ocrx_word' id='word_1_380' title='bbox 358 2782 491 2835; x_wconf 66' lang='lat' dir='ltr'>procacitatis,</span> <span class='ocrx_word' id='word_1_381' title='bbox 515 2783 568 2833; x_wconf 82' lang='lat' dir='ltr'>qriod</span> <span class='ocrx_word' id='word_1_382' title='bbox 590 2782 624 2823; x_wconf 81' lang='lat' dir='ltr'>Jer</span> <span class='ocrx_word' id='word_1_383' title='bbox 642 2789 660 2832; x_wconf 88' lang='lat'>3,</span> <span class='ocrx_word' id='word_1_384' title='bbox 678 2789 689 2824; x_wconf 89' lang='lat'>3</span> <span class='ocrx_word' id='word_1_385' title='bbox 713 2782 799 2834; x_wconf 82' lang='lat' dir='ltr'>legitur:</span> <span class='ocrx_word' id='word_1_386' title='bbox 823 2782 901 2831; x_wconf 81' lang='lat' dir='ltr'>„Frons</span> <span class='ocrx_word' id='word_1_387' title='bbox 924 2779 1016 2822; x_wconf 83' lang='lat' dir='ltr'>mulieris</span> 
     </span>
     <span class='ocr_line' id='line_1_40' title="bbox 123 2844 424 2885; baseline 0.003 -2"><span class='ocrx_word' id='word_1_388' title='bbox 123 2846 234 2885; x_wconf 86' lang='lat' dir='ltr'>meretricis</span> <span class='ocrx_word' id='word_1_389' title='bbox 251 2845 304 2885; x_wconf 82' lang='lat' dir='ltr'>fact-a</span> <span class='ocrx_word' id='word_1_390' title='bbox 320 2845 352 2884; x_wconf 92' lang='lat' dir='ltr'>est</span> <span class='ocrx_word' id='word_1_391' title='bbox 367 2844 424 2884; x_wconf 64' lang='lat' dir='ltr'>uuir.</span> 
     </span>
    </p>
   </div>
   <div class='ocr_carea' id='block_1_8' title="bbox 116 2928 1016 3162">
    <p class='ocr_par' dir='ltr' id='par_1_8' title="bbox 116 2928 1016 3162">
     <span class='ocr_line' id='line_1_41' title="bbox 185 2928 1015 2982; baseline -0.002 -12"><span class='ocrx_word' id='word_1_392' title='bbox 185 2930 239 2977; x_wconf 72' lang='lat' dir='ltr'>Quae</span> <span class='ocrx_word' id='word_1_393' title='bbox 255 2930 404 2981; x_wconf 84' lang='lat' dir='ltr'>interpretatio,</span> <span class='ocrx_word' id='word_1_394' title='bbox 421 2930 517 2980; x_wconf 65' lang='lat' dir='ltr'>aproniano</span> <span class='ocrx_word' id='word_1_395' title='bbox 527 2930 571 2981; x_wconf 83' lang='lat' dir='ltr'>lege</span> <span class='ocrx_word' id='word_1_396' title='bbox 581 2930 667 2970; x_wconf 82' lang='lat' dir='ltr'>llosaica</span> <span class='ocrx_word' id='word_1_397' title='bbox 677 2942 778 2982; x_wconf 85' lang='lat' dir='ltr'>nusquam</span> <span class='ocrx_word' id='word_1_398' title='bbox 789 2928 927 2978; x_wconf 88' lang='lat' dir='ltr'>confirmatur,</span> <span class='ocrx_word' id='word_1_399' title='bbox 945 2928 1015 2970; x_wconf 80' lang='lat' dir='ltr'>oriris</span> 
     </span>
     <span class='ocr_line' id='line_1_42' title="bbox 116 2990 1015 3042; baseline -0.001 -12"><span class='ocrx_word' id='word_1_400' title='bbox 116 2992 188 3032; x_wconf 59' lang='lat' dir='ltr'>»electis</span> <span class='ocrx_word' id='word_1_401' title='bbox 200 2991 321 3031; x_wconf 78' lang='lat' dir='ltr'>Christianis</span> <span class='ocrx_word' id='word_1_402' title='bbox 335 2991 420 3042; x_wconf 84' lang='lat' dir='ltr'>probata</span> <span class='ocrx_word' id='word_1_403' title='bbox 430 3003 470 3031; x_wconf 88' lang='lat' dir='ltr'>nou</span> <span class='ocrx_word' id='word_1_404' title='bbox 482 2993 517 3030; x_wconf 91' lang='lat' dir='ltr'>est.</span> <span class='ocrx_word' id='word_1_405' title='bbox 544 2990 649 3031; x_wconf 85' lang='lat' dir='ltr'>Refutatur</span> <span class='ocrx_word' id='word_1_406' title='bbox 659 2991 714 3031; x_wconf 89' lang='lat' dir='ltr'>enim</span> <span class='ocrx_word' id='word_1_407' title='bbox 725 3000 748 3031; x_wconf 88' lang='lat' dir='ltr'>ea</span> <span class='ocrx_word' id='word_1_408' title='bbox 759 2991 801 3030; x_wconf 85' lang='lat' dir='ltr'>sola</span> <span class='ocrx_word' id='word_1_409' title='bbox 812 3003 839 3037; x_wconf 87' lang='lat' dir='ltr'>re,</span> <span class='ocrx_word' id='word_1_410' title='bbox 857 2991 911 3041; x_wconf 85' lang='lat' dir='ltr'>quod</span> <span class='ocrx_word' id='word_1_411' title='bbox 923 3002 1015 3029; x_wconf 88' lang='lat' dir='ltr'>summus</span> 
     </span>
     <span class='ocr_line' id='line_1_43' title="bbox 124 3051 1016 3103; baseline -0.002 -10"><span class='ocrx_word' id='word_1_412' title='bbox 124 3053 217 3093; x_wconf 84' lang='lat' dir='ltr'>sacerdos</span> <span class='ocrx_word' id='word_1_413' title='bbox 233 3053 277 3103; x_wconf 88' lang='lat' dir='ltr'>ipso</span> <span class='ocrx_word' id='word_1_414' title='bbox 294 3052 327 3092; x_wconf 90' lang='lat' dir='ltr'>die</span> <span class='ocrx_word' id='word_1_415' title='bbox 343 3052 469 3103; x_wconf 75' lang='lat' dir='ltr'>expiationis,</span> <span class='ocrx_word' id='word_1_416' title='bbox 486 3063 526 3102; x_wconf 83' lang='lat' dir='ltr'>quo</span> <span class='ocrx_word' id='word_1_417' title='bbox 542 3052 658 3092; x_wconf 78' lang='lat' dir='ltr'>uniuersum</span> <span class='ocrx_word' id='word_1_418' title='bbox 674 3052 773 3103; x_wconf 85' lang='lat' dir='ltr'>populum</span> <span class='ocrx_word' id='word_1_419' title='bbox 790 3051 890 3102; x_wconf 78' lang='lat' dir='ltr'>expiabat,</span> <span class='ocrx_word' id='word_1_420' title='bbox 907 3052 1016 3102; x_wconf 85' lang='lat' dir='ltr'>antequam</span> 
     </span>
     <span class='ocr_line' id='line_1_44' title="bbox 117 3113 675 3162; baseline 0 -9"><span class='ocrx_word' id='word_1_421' title='bbox 117 3114 275 3154; x_wconf 78' lang='lat' dir='ltr'>sanctissimum</span> <span class='ocrx_word' id='word_1_422' title='bbox 290 3113 383 3162; x_wconf 79' lang='lat' dir='ltr'>intraret,</span> <span class='ocrx_word' id='word_1_423' title='bbox 400 3115 495 3152; x_wconf 87' lang='lat' dir='ltr'>ornatum</span> <span class='ocrx_word' id='word_1_424' title='bbox 510 3125 570 3152; x_wconf 86' lang='lat' dir='ltr'>suum</span> <span class='ocrx_word' id='word_1_425' title='bbox 585 3114 675 3154; x_wconf 74' lang='lat' dir='ltr'>exuebat.</span> 
     </span>
    </p>
   </div>
   <div class='ocr_carea' id='block_1_9' title="bbox 0 0 1114 3388">
    <p class='ocr_par' dir='ltr' id='par_1_9' title="bbox 0 0 1114 3388">
     <span class='ocr_line' id='line_1_45' title="bbox 0 0 1114 3388; baseline 0 0"><span class='ocrx_word' id='word_1_426' title='bbox 0 0 1114 3388; x_wconf 95' lang='lat' dir='ltr'> </span> 
     </span>
    </p>
   </div>
  </div>
 </body>
</html>
