2107 3321
319 67 388 105 Forma
401 68 459 114 atque
472 66 544 103 indoles
558 67 621 104 cultus
634 66 713 103 Mosaiei
934 70 967 114 45

69 200 142 259 postea
157 193 184 238 ad
199 207 262 236 suum
272 190 417 234 ministerium
427 190 451 233 in
462 190 555 234 sacrario
567 190 666 247 usurpari
675 189 744 242 iussit,
761 203 892 247 quamquam
903 188 967 245 prius

69 272 157 317 fortasse
173 265 213 309 diis
233 263 328 309 colendis
346 263 381 306 usi
401 262 494 315 fuerant,
515 263 546 307 ita
562 263 681 306 nonnullos
697 263 757 316 ritus,
778 262 816 319 qui
831 276 869 319 per
885 276 907 305 se
922 262 965 319 ipsi

70 340 177 389 uniuersae
193 337 304 396 religionis
319 337 425 388 notiones,
446 350 494 379 non
509 335 645 380 idololatriae
661 335 727 380 solius
743 335 841 392 proprias
858 336 964 391 exprime-

70 413 127 467 bant,
143 411 248 463 adhibere,
264 409 373 453 adhibitos
389 408 432 452 alia
447 408 661 453 sentententiae
672 408 728 452 etin
739 409 803 452 suum
818 408 965 470 ministerium

70 484 249 543 comprehendere
269 483 345 540 potuit.
371 481 399 538 ,Si
415 481 453 539 qui
473 482 529 525 ritus
548 482 615 540 igitur
635 481 746 541 religionis
763 472 868 525 blosaicae
884 470 969 525 formas.

36 584 38 591 >
71 544 139 608 cultus
154 559 268 617 gentilium
284 556 402 607 continent,
419 559 560 613 tumensquae
575 555 602 598 iis
618 555 724 599 sententia
739 557 817 609 subest,
835 571 859 598 ea
869 555 893 598 in
903 554 970 598 libris

71 634 134 680 sacris
155 631 238 676 exculta
254 631 276 672 et
294 631 360 685 prout
375 643 425 672 vera
445 627 523 684 religio
539 628 663 684 postularit,
684 628 800 672 immutata
815 631 853 681 est,
875 629 900 671 ut
915 627 968 671 illae

71 709 151 753 formae
161 719 207 749 non
217 701 342 759 simpliciter
354 702 450 753 tralatae,
468 700 505 744 sed
515 698 641 745 immutatae
653 701 819 759 ementlataeque
830 701 880 747 sint.
907 700 971 753 Quae

72 796 120 832 cum
134 779 165 822 ita
181 777 230 827 sint,
247 774 320 819 divina
336 774 406 818 cultus
422 773 515 818 Mosaici
531 774 592 831 origo
608 775 684 831 negari
700 789 747 818 non
762 776 840 831 potest.
886 773 887 776 ’

82 900 83 903 ¹
132 879 218 929 Tempus
234 878 284 924 erat,
307 885 355 916 oum
368 876 421 915 ritus
442 876 510 924 cultus
526 875 609 916 llcsaici
630 888 676 915 cum
697 875 841 929 Aegyptiis
862 875 970 914 coniuncti

73 942 126 982 sunt.
147 939 209 979 Velut
224 937 346 978 vestimenta
362 937 491 977 sacerdotum
505 938 529 976 ct
544 935 620 977 summi
631 936 738 986 pontificis,
756 949 802 976 arca
817 935 910 984 foederis,
928 936 966 975 cir·

73 1000 167 1043 cumoisio
183 999 209 1038 ad
224 998 373 1051 Aegyptiorum
390 999 483 1050 exempla
498 999 563 1038 relata
580 1000 634 1037 sunt.
666 998 735 1048 Atque
751 999 771 1039 J.
788 997 873 1049 Spcnccr
885 992 922 1053 (De
937 997 968 1036 le-

73 1063 131 1116 gibus
141 1060 279 1100 Hebraeorum
288 1059 399 1099 ritualibus
410 1060 431 1098 et
441 1072 512 1099 earum
522 1059 638 1099 rationibus
649 1058 697 1098 libri
707 1062 755 1101 tres.
775 1057 894 1109 Cambridge
904 1063 967 1101 1685.

73 1122 176 1173 Tubingae
190 1116 256 1176 1732)
273 1132 341 1159 omnes
356 1120 398 1159 fere
413 1120 488 1160 formas
505 1120 573 1160 cultus
584 1119 665 1159 Mosaici
677 1120 702 1159 ab
712 1118 821 1172 Aegyptiis
832 1119 906 1170 petitas
923 1131 972 1158 esse

74 1175 210 1224 demonstrare
225 1180 310 1221 studuit.
343 1180 401 1227 Quod
416 1182 441 1220 ut
457 1182 585 1233 probaretur,
607 1181 676 1226 Mosen
697 1180 751 1232 apud
767 1179 879 1232 Aegyptios
900 1179 972 1219 erudi-1

74 1247 118 1285 tum
134 1254 301 1293 esseeorumque
317 1241 395 1281 cultum
411 1242 495 1293 penitus
512 1241 632 1294 cognovisse
648 1243 709 1293 atque
719 1240 822 1281 Hebraeos
839 1240 875 1280 diu
890 1240 912 1279 in
928 1243 972 1280 Ae·-

74 1305 137 1357 gypto
153 1303 285 1343 commoratos
305 1313 349 1341 esse
366 1302 433 1342 afferri
448 1304 535 1355 poterat.
567 1303 594 1341 At
610 1303 761 1354 respiciendum
777 1302 814 1352 est,
835 1314 882 1341 cum
898 1301 972 1341 cultus:

74 1365 172 1405 Mosaicus
187 1376 252 1402 unum
273 1364 331 1413 qnasi
347 1375 419 1415 corpus
441 1364 469 1403 sit
485 1363 560 1403 mentis
576 1363 657 1403 divinae
672 1364 762 1415 plenum,
780 1376 813 1402 eas
830 1363 883 1402 solas
900 1362 968 1402 cultus

74 1427 148 1465 formas
163 1424 274 1476 Aegyptias
289 1423 363 1463 habere
378 1436 443 1475 posse,
465 1424 555 1476 primum
571 1436 622 1475 quae
638 1424 661 1464 in
676 1425 735 1464 cultu
753 1425 774 1463 et
789 1424 876 1463 Massico
893 1424 914 1462 et
929 1424 972 1463 Ae-

75 1485 151 1539 gyptio,
168 1497 268 1535 nusquam
279 1484 328 1524 alibi
344 1486 435 1533 erstent3
452 1485 526 1525 deinde
537 1498 588 1536 quas
599 1486 654 1537 apud
665 1485 778 1537 Aegyptios
789 1484 912 1525 vetustiores
924 1496 970 1524 esse
1012 1505 1015 1511 ·

76 1560 134 1598 quarn
152 1545 206 1597 apud
216 1545 318 1585 Hebraeos
330 1545 467 1585 demonstrari
482 1546 558 1598 possit3
575 1546 663 1597 denique
674 1559 725 1598 quae
740 1546 792 1585 tales
810 1546 857 1593 sint,
874 1546 898 1584 ut
915 1545 969 1597 apud

75 1607 176 1647 Hebraeos
192 1606 245 1646 solae
261 1618 297 1657 per
313 1618 334 1645 se
350 1606 453 1646 exstitisse
468 1620 510 1647 non
529 1607 614 1658 possint.
646 1607 727 1646 Talium
747 1608 816 1647 autem
837 1606 906 1647 cultus
927 1606 971 1647 sor-

75 1680 153 1715 marum
172 1667 195 1706 in
213 1666 311 1718 religione
327 1667 413 1706 Moesica
433 1680 535 1719 perpauca
555 1668 687 1719 reperiuntur
702 1668 795 1720 vestigia,
816 1668 841 1707 ut
862 1668 931 1707 Mosen
947 1667 969 1706 in

77 1729 134 1768 cultu
149 1727 218 1768 divino
233 1727 360 1767 instituendo
372 1729 516 1768 auctoritatem
526 1729 674 1780 Aegyptiorum
685 1730 778 1769 secutum
794 1741 837 1768 esse
853 1728 871 1767 is
887 1730 972 1768 tantum

76 1788 140 1828 dicere
150 1788 220 1838 possit,
237 1788 273 1838 qui
284 1787 374 1827 animum
384 1789 466 1829 induxit
477 1802 558 1830 ornnem
569 1789 731 1841 similitudinem,
749 1802 801 1841 quae
812 1789 883 1829 formis
900 1790 969 1829 cultus

76 1848 156 1889 Mosaici
172 1861 218 1888 cum
234 1848 382 1901 Aegyptiorum
397 1849 523 1890 intercedere
539 1850 626 1899 videtur,
643 1863 679 1902 pro
696 1852 818 1903 argumento
834 1850 913 1892 habere.

136 1909 252 1949 Recentiore
268 1910 333 1948 aetate
353 1923 412 1961 saepe
428 1910 506 1951 dictum
527 1912 559 1950 cst
574 1911 628 1951 haud
644 1924 708 1962 pauca
724 1911 823 1952 instituta
843 1912 910 1951 cultus
926 1912 969 1951 lllo-

77 1969 125 2009 saici
141 1983 152 2009 a
167 1969 327 2021 Babyloniis
348 1972 430 2022 recepta
451 1984 501 2019 esse,
523 1971 578 2023 qnod
599 1973 668 2012 cultus
689 1973 751 2023 atque
771 1972 887 2012 humanitas
903 1973 970 2023 Baby-

76 2030 177 2069 loniorum
193 2030 217 2070 ad
233 2043 302 2070 omnes
317 2032 388 2083 gentes
399 2032 460 2072 Asiae
477 2033 502 2072 ad
518 2033 643 2073 occidentem
660 2045 767 2073 conversus
783 2033 922 2085 pertinuisset.
944 2034 970 2072 Bt

77 2092 165 2142 prolecto
186 2091 254 2142 opinio
275 2090 312 2131 illa
328 2104 397 2131 ornnes
418 2093 460 2132 fere
481 2095 559 2146 gentes,
581 2107 668 2145 quarum
684 2094 848 2145 antiquissimam
863 2094 970 2134 historiam

77 2151 176 2200 novimus,
193 2152 292 2191 nonnulla
311 2165 323 2190 a
338 2153 459 2204 Babyloniis
474 2156 581 2195 mutuatas
597 2167 641 2195 esse
657 2167 703 2195 cum
719 2155 778 2196 libris
794 2155 856 2195 sacris
872 2168 914 2194 non
925 2156 973 2195 dis-

78 2214 150 2263 crepat,
172 2212 267 2263 qnoniam
282 2212 311 2252 ibi
326 2214 439 2265 Babylonia
459 2227 482 2253 ea
497 2216 553 2255 terra
569 2216 690 2267 appellatur,
711 2216 766 2255 unde
781 2215 873 2255 homines
889 2216 914 2255 ob
930 2216 970 2255 lin·

77 2285 163 2323 guarum
179 2272 317 2313 confusionem
332 2286 368 2324 per
384 2275 453 2315 orbern
469 2277 573 2316 terrarum
589 2276 676 2328 dispersi
692 2279 746 2317 sunt.
767 2276 842 2316 Eadem
857 2277 975 2329 Babylonia

77 2333 145 2383 gentis
160 2333 270 2373 Hebraicae
290 2335 356 2385 patria
376 2336 413 2374 est.
444 2337 548 2376 Abraham
568 2339 636 2377 autem
652 2351 676 2377 ex
691 2338 815 2378 Ur-Kasdrm
836 2338 970 2390 emigrantem

77 2393 234 2444 Babyloniorum
260 2394 325 2434 varias
351 2395 464 2447 opiniones,
486 2410 557 2446 mores,
584 2399 742 2439 consuetudines
768 2411 837 2439 secum
861 2398 971 2439 abstulisse

78 2453 202 2504 posterisque
217 2453 323 2494 tradidisse
339 2457 382 2495 tam
398 2457 530 2498 manifestum
546 2459 582 2506 est,
598 2461 623 2499 ut
638 2473 680 2500 non
695 2461 729 2508 sit,
746 2473 783 2499 cur
798 2459 892 2511 pluribus
903 2460 971 2500 uerbis

79 2513 102 2553 de
118 2527 140 2553 ea
155 2527 176 2553 re
192 2517 271 2566 agatur.
301 2515 372 2567 Neque
388 2530 435 2557 vero
451 2519 554 2559 Abraham
570 2533 594 2559 ex
609 2520 634 2559 iis
646 2520 775 2571 opinionibus
786 2522 848 2571 atque
863 2520 974 2570 institutis,

79 2586 129 2623 quae
149 2575 192 2614 eius
212 2577 277 2615 aetate
297 2576 352 2627 apud
367 2577 492 2630 Babylonios
513 2581 617 2629 florebant,
638 2581 687 2621 talia
706 2581 786 2633 recepit,
807 2595 858 2632 quae
879 2581 904 2621 ad
924 2581 974 2621 reli--

79 2633 158 2685 gionem
168 2636 303 2686 pertinebant,
319 2639 425 2678 nonnullis
436 2640 571 2690 caerimoniis,
588 2654 639 2692 quae
649 2643 710 2693 plane
720 2642 845 2683 extrinsecus
855 2655 902 2682 oum
913 2643 972 2682 cultu

79 2694 214 2744 cohaerebant,
230 2697 316 2737 fortasse
331 2699 427 2750 exceptis.
449 2701 474 2740 Id
489 2704 548 2741 vetus
564 2703 710 2743 testamentum
726 2703 800 2743 diserte
817 2703 872 2743 dicit.
897 2703 971 2743 Omnes

79 2756 146 2794 autem
162 2769 195 2796 eac
210 2756 361 2807 similitudines,
386 2772 436 2810 quae
457 2762 511 2802 inter
531 2762 606 2803 formas
627 2764 693 2803 cultus
710 2764 867 2816 Babyloniorum
888 2767 908 2804 et
924 2764 972 2804 reli-

79 2814 144 2865 gionis
161 2816 257 2857 Moesicae
278 2818 412 2859 demonstrari
432 2824 525 2873 possunt,
548 2836 594 2863 curn
609 2825 684 2876 partim
705 2825 731 2864 ad
746 2823 864 2876 religionem
881 2825 972 2865 omnium

79 2874 184 2928 hominum
200 2890 327 2919 communem
346 2879 359 2920 i.
376 2894 392 2921 e.
414 2882 439 2921 ad
455 2883 575 2936 religionem
590 2885 683 2937 primam,
704 2886 779 2937 partim
795 2885 820 2924 ad
836 2885 890 2925 ritus
906 2899 972 2926 sacros

80 2938 170 2976 omnium
190 2939 281 2990 gentium
297 2940 437 2981 Semiticarum
459 2956 576 2985 communes
597 2946 718 2986 revocandae
741 2946 787 2994 sint,
809 2946 834 2985 ad
855 2959 887 2986 eas
908 2947 975 3000 expli-

79 2996 151 3036 candas
167 3011 231 3050 neque
247 3000 427 3043 ullamutuatione
438 3017 504 3056 neque
514 3006 702 3058 PanbabylonismO,
719 3007 755 3057 qui
766 3008 855 3056 vocatur,
873 3021 925 3059 opus
936 3010 972 3050 est.

89 3115 93 3122 Ι
110 3117 114 3124 1
140 3058 181 3097 Alii
197 3059 235 3099 viri
252 3060 305 3101 docti
320 3063 438 3104 recentioris
455 3066 531 3106 aetatis·
545 3080 617 3107 rursus
634 3068 688 3107 haud
698 3079 773 3118 paucos
789 3067 841 3108 ritus
858 3081 925 3109 sacros
940 3083 972 3109 re-

79 3115 160 3168 ligionis
180 3120 253 3160 veteris
273 3123 390 3163 testamenti
410 3125 435 3164 ad
456 3128 571 3179 exemplum
591 3128 710 3168 Arabum
736 3129 867 3180 antiquorum
889 3126 976 3187 (Minae-v
