2147 3361
468 73 537 114 sauata
549 76 618 113 altiora
947 65 991 111 617

95 206 165 258 plures
187 201 262 253 species
281 201 303 241 in
323 201 407 241 Talmud
428 208 610 244 commemorantur
633 199 666 259 (Μ.
683 197 797 239 Schabbath
815 200 848 243 14,
867 200 889 240 3;
913 196 954 259 22»λ
971 196 989 230 ss·

96 267 156 307 Joma
173 269 191 312 8,
210 258 238 318 6).
265 261 361 313 Antiquis
377 263 474 303 Hebraeis
490 265 551 304 etiam
567 264 668 305 variarum
684 260 793 300 herbarum
809 256 863 296 rires
874 253 989 320 innotuisse

94 341 119 367 ex
136 326 167 366 Gn
184 329 218 371 30,
238 330 263 366 15
281 323 390 376 colligitur.
417 324 487 375 Neque
508 325 645 365 dubitandum
666 326 702 371 est,
726 321 777 372 quin
800 315 882 368 antiqui
902 314 990 353 Hebraei

96 400 155 439 saepe
171 386 233 425 etiam
249 384 331 436 magicis
348 385 528 437 superstitionibus
543 386 618 426 morbis
634 384 711 424 mederi
721 379 844 422 studuerint.
867 376 918 416 Nam
936 373 991 425 quod

95 451 128 489 lex
144 446 232 487 Mosaica
247 445 310 485 etiam
326 447 386 496 atque
402 446 462 486 etiam
478 447 565 499 magicas
576 446 732 497 superstitiones
749 438 839 483 adhiberi
855 438 911 479 vetat
922 449 990 486 neque

94 503 205 562 prophetae
218 505 276 558 queri
287 506 387 554 desinunt,
404 508 457 558 quod
469 508 577 548 multitudo
589 508 672 559 magicis
683 500 863 557 superstitionibus
874 498 942 537 dedita
958 498 989 546 sit,

94 584 136 612 non
153 570 219 609 solum
235 567 343 619 praedictio
363 580 432 608 rerum
448 569 567 619 futurarum,
589 569 624 609 sed
640 568 701 608 etiam
717 565 838 605 exorcismus
858 573 928 600 eorum
946 558 990 597 dae·

95 644 179 672 monum
200 628 285 669 describi
305 628 393 677 videtur,
416 629 451 680 qui
472 630 553 671 morbos
574 630 653 680 aliaque
675 629 747 668 damna
766 624 801 666 vel
817 622 894 663 efficere
910 620 990 671 possint

95 693 127 733 vel
142 692 182 731 iem
198 689 307 732 effecerint.
334 690 435 741 Josepbus
452 703 533 742 quoque
549 690 580 730 Α]
597 696 616 739 8,
634 697 681 733 'ab
704 682 811 727 memoriae
833 682 897 722 tradit
917 680 988 720 multi-

94 754 188 793 tudinem
204 751 230 790 ad
244 750 309 791 varias
325 750 485 803 superstitiones,
506 753 600 800 amuleta,
623 752 718 798 carmina,
739 748 813 788 similia
830 744 944 796 confugere,
965 747 990 781 ut

95 828 117 854 se
139 828 150 852 a
171 811 246 852 morbis
266 812 368 851 tutentur.
395 812 469 852 Contra
492 813 527 862 qui
548 812 626 853 Jahren
648 812 686 863 pie
701 809 801 856 colebant,
824 806 903 845 Jahven
926 816 947 843 se
968 804 989 842 in

95 875 171 916 morbis
188 874 308 913 sanaturum
325 873 444 924 sperabant,
461 887 507 912 nam
524 886 573 926 „ego
589 873 653 913 dabre
669 873 751 911 sanator
767 870 830 909 tuus‘
848 861 989 922 (Ex1522ssl-

94 937 163 987 Atque
180 946 246 973 sacrae
261 933 341 974 litterae
357 934 464 975 memoriae
485 935 575 985 produnt
590 930 613 973 in
628 932 734 973 nonnullis
751 930 827 970 morbis
845 928 905 967 deum
921 926 990 976 ipsum

94 1010 154 1047 opem
169 995 243 1035 tulisse
259 995 291 1034 vel
308 994 468 1035 extraordinaria
483 996 571 1035 remedia
587 994 711 1034 ordinavisse
732 989 782 1047 (Nm
799 996 833 1037 21,
851 995 870 1030 9-
885 987 905 1026 Π
923 987 953 1037 ng
971 992 989 1031 ὖ,

98 1054 133 1112 10)
150 1058 212 1107 atque
228 1055 325 1107 piscinam
342 1056 441 1096 Bethesda
457 1069 539 1107 quoque
554 1056 596 1095 rim
612 1055 712 1094 medicam
728 1066 739 1092 a
755 1052 791 1091 deo
808 1049 907 1100 accepisse
924 1044 989 1104 (105,

96 1114 165 1174 2—4)
182 1117 244 1156 multi
259 1116 382 1168 interpretes
399 1118 531 1157 contendunt.

156 1180 185 1218 De
202 1178 340 1229 chirurgia
363 1179 452 1218 veterum
467 1177 605 1219 Hebraeorum
625 1175 678 1216 nibil
699 1176 740 1215 lere
760 1171 870 1213 memoriae
891 1169 990 1209 traditum

94 1243 132 1288 est,
149 1240 185 1279 sed
196 1251 230 1278 eos
240 1238 329 1289 aliquam
340 1239 384 1278 eius
394 1238 490 1279 notitiam
502 1238 596 1279 babuisse
612 1251 636 1277 en
647 1250 669 1277 eo
686 1236 731 1287 ipso
743 1235 832 1287 apparet,
850 1232 905 1284 quod
915 1231 991 1271 vulnus

94 1300 247 1341 circumcisione
268 1299 367 1339 inflictum
388 1300 500 1340 curandum
520 1312 543 1339 ac
559 1298 672 1339 sanandum
691 1298 741 1337 erat.
768 1297 793 1337 Μ.
810 1294 924 1334 Soliabbath
942 1299 960 1340 6,
978 1298 989 1334 5

94 1362 265 1401 commemoratur
280 1360 351 1400 dentes
368 1363 411 1400 arie
426 1360 489 1401 factos
504 1360 576 1400 insitos
593 1372 642 1400 esse.

157 1432 179 1476 2.
195 1434 224 1473 De
240 1433 351 1473 medicis
367 1436 459 1474 veterum
470 1434 608 1474 Hebraeorum
624 1434 678 1474 certa
690 1431 787 1473 memoria
798 1430 880 1483 prodita
895 1441 938 1469 non
953 1430 989 1466 est

95 1495 197 1547 Josephus
213 1495 244 1534 BJ
256 1500 275 1544 ⁴2,
289 1500 307 1538 8.
321 1502 332 1537 6
349 1494 413 1534 tradit
429 1494 529 1546 imprimis
544 1496 631 1535 Essenos
647 1494 757 1545 multiplici
772 1491 884 1532 medicinae
900 1487 990 1535 seientia,

96 1570 158 1608 quam
181 1569 205 1595 ex
226 1556 307 1607 scriptis
328 1556 418 1606 antiquis
440 1556 561 1604 hausissent,
584 1556 682 1595 floruisse.
709 1554 845 1595 Talmudistae
866 1552 890 1590 de
906 1549 991 1590 medicis

95 1617 150 1658 haud
167 1616 217 1656 bene
233 1617 335 1656 iudicant:
362 1617 470 1668 „Optimus
486 1617 576 1657 medicus
591 1617 681 1657 meretur
697 1616 824 1668 gehennam“
846 1612 924 1669 (Babyl.
941 1610 990 1649 Kid-

94 1678 182 1718 dusclrin
199 1674 256 1733 821).
283 1677 355 1718 llelius
376 1678 400 1717 de
420 1677 446 1717 iis
467 1678 531 1717 sentit
546 1678 645 1718 Siracides
663 1682 697 1726 38,
718 1682 781 1719 1—8.
809 1675 867 1723 cuod
883 1673 934 1713 LXX
956 1671 991 1710 Jes

96 1745 130 1786 26,
150 1745 177 1781 14
193 1738 279 1791 legitur:
300 1735 365 1794 tarpei
382 1735 405 1780 oti
422 1741 451 1796 μὴ
467 1736 607 1795 ἀναστήσουσι,
629 1751 670 1779 non
686 1738 753 1778 irrisio
770 1737 894 1777 medicorum
910 1732 990 1775 intell-

94 1800 160 1851 genda
176 1801 213 1839 est.
230 1800 264 1839 sed
281 1800 378 1839 mendum
394 1805 425 1839 est
441 1812 465 1839 ex
480 1799 529 1839 falsa
543 1799 711 1850 interpretatione
727 1798 823 1839 vocabuli
839 1796 900 1830 le‘ffl
918 1796 991 1834 ortum.

95 1860 151 1899 idern
168 1860 294 1900 delectione
310 1860 409 1913 Vulgatae
425 1863 445 1899 et
461 1859 512 1899 LXX
527 1860 553 1899 Ps
571 1866 597 1903 87
616 1857 669 1916 (88),
686 1867 710 1901 11
730 1859 863 1900 iudicandum
878 1858 920 1897 est:
938 1868 991 1905 „me-

94 1921 134 1961 dici
150 1921 296 1968 suscitaburrt“‚
312 1917 378 1977 tarpei
394 1920 547 1979 ἀναστήσουσιν.
568 1921 621 1961 Nam
637 1923 725 1972 utroque
741 1922 785 1962 loco
801 1920 879 1960 viribus
896 1915 991 1957 destituti

95 1982 139 2023 sire
154 1995 224 2022 manes
241 1982 367 2022 infernorum
382 1982 515 2034 intellegendi
532 1987 586 2022 sunt,
613 1982 689 2034 Utique
704 1983 791 2023 verbum
807 1981 847 2014 ²³51
869 1982 934 2020 artem
950 1991 991 2017 me·

94 2042 135 2082 dici
151 2042 253 2095 significat
269 2041 307 2099 (τ-
324 2039 422 2098 sanarit);
439 2043 493 2082 unde
510 2044 566 2095 origo
581 2043 637 2083 illius
653 2043 722 2083 mendi
739 2042 793 2095 apud
810 2043 894 2082 Graecos
905 2039 991 2079 Alexan-

94 2103 164 2155 drinos
181 2105 202 2143 et
217 2105 240 2144 in
255 2105 342 2156 Vulgata
358 2103 454 2155 explicari
469 2105 546 2155 potest.

157 2165 184 2205 cf.
201 2165 223 2206 R.
240 2164 258 2207 J.
276 2164 448 2213 Wunderbar,
469 2164 704 2205 Bibliscb·talmudisehe
720 2165 811 2206 lledirin.
833 2164 884 2216 Riga
903 2167 991 2204 1850—

96 2231 136 2272 em
157 2225 175 2264 J,
192 2225 336 2273 Berendes,
354 2226 389 2265 Die
406 2225 521 2265 Pharmacie
537 2226 570 2266 bei
587 2227 626 2266 den
643 2227 699 2266 alten
715 2226 872 2266 Oulturvdllrern
889 2223 913 2280 (I,
932 2227 991 2265 82—-

98 2282 148 2340 124)
165 2286 223 2326 Halle
242 2293 311 2334 18913
327 2286 358 2326 W.
374 2286 495 2335 Ebstein,
512 2286 548 2326 Die
565 2287 652 2327 lledinin
667 2287 696 2327 im
712 2287 766 2327 alten
782 2288 903 2327 Testament.
925 2284 991 2325 Stutt-

94 2350 141 2397 gort
160 2355 223 2391 1901.
250 2347 287 2387 Die
302 2347 389 2387 Mealizin
404 2347 432 2386 im
448 2360 514 2387 neuen
530 2347 646 2388 Testament
662 2349 705 2387 und
721 2348 749 2387 im
765 2348 855 2388 Talmud.
876 2348 902 2387 ib.
922 2349 989 2391 19033

95 2406 116 2445 F.
133 2407 256 2457 Kiichler‚
278 2409 372 2460 Beitr'age
387 2422 424 2447 aur
439 2408 540 2448 Kenntnis
562 2409 597 2449 der
614 2409 882 2461 assyrisch-babyionischen
898 2405 990 2446 Mediziu.

95 2467 176 2520 Leipzig
190 2476 257 2518 reem
274 2470 295 2511 r.
311 2483 330 2509 v.
347 2468 447 2517 cerere,
464 2459 671 2510 terracinamque
687 2470 709 2509 in
725 2470 850 2510 carantana
868 2466 911 2526 (no
923 2468 955 2516 rr,
968 2462 990 2518 a)

95 2528 122 2570 ib.
142 2535 209 2577 19043
231 2530 252 2570 Ii.
268 2531 438 2580 Kotelmann‚
459 2531 496 2570 Die
513 2530 689 2583 Ophbbalmologie
706 2531 738 2571 bei
755 2531 793 2571 den
809 2532 864 2570 alten
880 2530 990 2569 Hebra'ern.

93 2585 202 2642 'Hamburg
220 2598 289 2637 19102
313 2591 331 2631 J.
347 2592 456 2640 Preuss,
473 2591 710 2632 Bibliscb-talmudiscbe
727 2592 819 2632 liedirin.
845 2592 939 2643 Beitrage
955 2603 991 2629 zur

96 2648 213 2692 Geschichte
229 2652 265 2691 der
281 2651 397 2692 Heillrunde
414 2652 456 2691 und
473 2653 508 2692 der
524 2653 601 2693 Kultur
616 2653 738 2705 iiberbaupt.
760 2653 829 2692 Berlin
848 2658 910 2695 1911.

155 2756 198 2804 VI.
216 2757 414 2801 Astrouomiae
429 2757 536 2814 imprimis
552 2758 668 2817 Babylonii
684 2772 770 2815 operam
785 2758 871 2811 dalrant,
894 2758 916 2801 id
932 2759 990 2815 quod

97 2826 230 2874 documentis
247 2831 416 2875 cuneifornribus
432 2830 517 2888 egregie
533 2831 679 2884 confirmatur.
703 2833 771 2875 Cursu
787 2832 837 2874 solis
854 2831 991 2889 motibusque

95 2899 160 2945 lunae
176 2906 198 2947 et
213 2904 324 2947 stellarum
340 2903 505 2961 diligentissime
522 2905 639 2948 observatis
655 2906 726 2961 partes
743 2904 795 2948 anni
806 2906 903 2949 accurate
920 2904 990 2949 deter-

95 2972 207 3019 minorant
223 2979 286 3034 atque
302 2976 367 3021 etiam
383 2976 469 3033 eclipses
490 2978 542 3021 solis
559 2983 580 3021 et
595 2978 659 3021 lunae
675 2977 770 3035 aliasque
786 2993 819 3021 res
835 2979 991 3022 astronomicas

94 3044 210 3104 diligenter
227 3051 374 3097 observarunt.
400 3050 440 3094 Sed
456 3053 532 3095 octavo
549 3052 634 3095 demum
655 3052 739 3095 saeculo
756 3052 873 3107 Babylonii
890 3056 990 3097 astrono-

94 3118 160 3163 miam
177 3122 204 3164 ad
220 3126 287 3167 artem
304 3127 325 3168 et
341 3127 454 3181 praecepta
465 3139 563 3169 revocare
580 3127 695 3181 coeperunt
709 3125 811 3182 brevique
827 3126 950 3180 effecerunt,
966 3136 991 3173 nt
