2165 3388
133 131 177 175 543
398 126 444 163 Pars
456 126 479 163 11.
500 126 632 173 Antiquitates
644 127 732 174 priuatae

130 253 206 299 ,tamen
221 248 375 306 itadisposuit,
391 252 416 293 ut
432 249 532 305 innoxias
546 249 647 296 redderet.
672 249 718 303 Quo
734 250 818 293 tactum
834 253 871 303 est,
888 253 912 294 ut
928 250 1030 308 coniugia

133 323 383 380 Hebraeorumquippe
403 337 457 380 quae
473 322 539 367 libero
559 338 631 368 amore
647 323 740 381 quodam
756 322 820 367 modo
837 325 962 379 niterentur,
984 339 1030 367 om-

133 397 198 440 uibus
214 396 477 455 orientaliumconiugiis
490 398 633 454 praestarent.

140 482 142 489 ’
196 468 254 522 Quae
270 467 345 513 omnia
361 469 446 531 uberius
462 484 568 527 exponere
584 484 644 514 nune
659 471 759 513 nostrum
776 472 813 513 est.

140 587 141 592 ¹
197 587 218 649 1)
238 591 311 635 Prima
326 591 463 636 institutione
479 592 506 636 ad
521 592 686 650 propagandum
701 608 769 650 genus
785 592 903 636 humanum
919 608 955 650 per
970 592 1028 636 indi-

128 665 223 718 ,riduum
240 665 282 713 riri
299 667 320 708 et
335 665 432 709 mulieris
443 666 575 715 consortium
592 666 694 722 damnata
710 664 874 724 est'tornicatio,
890 664 956 708 libido
967 680 1030 723 vaga,

134 738 259 782 communio
277 753 375 782 uxorum.
403 738 465 791 Quod
479 739 510 796 pii
531 727 664 796 patriarchae
680 725 782 797 religiose,
801 739 952 793 observabatum
976 738 1027 781 alibi

135 815 206 855 arrtem
227 812 272 855 iam
289 813 340 855 ante
356 814 447 855 aetatem
463 812 579 856 Mosaicam
599 814 662 855 tanta
677 815 723 855 e'rat
739 826 823 855 morum
839 811 953 867 corruptio,
974 813 1027 854 uta

135 885 282 941 compluribus
298 885 400 942 gentibus
416 886 450 929 rel
465 884 589 942 turpissima
601 885 748 942 impudicitiae
758 888 845 943 peccata
860 884 883 928 in
895 884 1030 942 quorundam

135 948 223 1001 deorum
241 959 324 1001 cultum
341 954 523 1019 converterentur,
544 958 602 1017 uelut
617 958 731 1015 virginitas
747 959 869 1015 prostituta,
887 958 977 1001 virilitas
993 971 1031 1000 ex-

135 1033 184 1083 cisa,
205 1028 346 1088 paederastia,
368 1026 409 1074 alia
429 1031 519 1074 infanda
538 1031 627 1089 flagitia,
649 1028 727 1089 quibus
750 1031 831 1075 ethnici
852 1031 934 1088 seipsi
954 1035 1031 1074 conta-

135 1104 218 1148 minare
234 1104 341 1148 sotebant.
932 1095 934 1097 ¹

141 1200 142 1209 ³
197 1202 217 1260 a)
235 1201 292 1245 Huic
309 1203 372 1254 malo,
389 1203 447 1260 quod
463 1206 484 1245 et
499 1204 540 1260 ipsi
556 1202 681 1260 philosophi
698 1203 772 1247 Graeci
788 1206 809 1246 et
822 1202 914 1246 Romani
930 1198 1030 1259 compro-

135 1276 222 1327 barunt,
234 1277 260 1318 ut
271 1278 397 1327 occrrrreret,
408 1276 478 1320 Moses
485 1277 592 1320 Hebraeos
603 1277 715 1334 religionis
724 1280 787 1320 causa
799 1279 872 1334 stupra
882 1278 949 1320 lacere
960 1288 1030 1319 serere

135 1338 250 1405 prohibuit
262 1349 300 1409 (Dr
312 1354 347 1403 23,
361 1352 404 1409 18).
420 1377 451 1382 —
462 1350 485 1410 b)
497 1349 529 1394 Ne
541 1350 659 1393 sacerdotes
670 1350 746 1394 abiecti
759 1350 831 1402 animi,
843 1349 932 1393 astuitia
942 1348 1029 1400 inducti,
1043 1364 1046 1374 ·

123 1422 278 1483 allicerentur,
301 1425 326 1465 ut
341 1423 400 1466 varia
415 1423 561 1480 impudicitiae
577 1439 655 1482 genera
671 1425 768 1480 exemplo
787 1424 876 1467 aliarum
892 1421 989 1479 gentium
1004 1421 1027 1464 in

136 1495 218 1538 cultum
240 1495 324 1539 Jahvae
347 1499 459 1549 verterent,
483 1496 552 1540 Moses
574 1496 693 1549 interdixit,
718 1512 745 1540 ne
765 1497 857 1554 pretium
872 1494 1033 1552 prostitutionis

135 1572 213 1619 s'acrae,
230 1569 271 1612 etsi
287 1583 314 1611 ex
329 1572 380 1612 voto
398 1569 495 1613 oblatum
510 1572 569 1622 esset,
585 1584 624 1626 pro
641 1571 732 1614 sacrario
744 1571 873 1627 acciperetur
891 1568 974 1628 (11123,
987 1567 1029 1627 ld).
1049 1591 1051 1594 f

135 1670 166 1674 ω
196 1642 205 1703 l
222 1642 252 1686 Ut
273 1642 338 1686 etiam
359 1642 466 1699 originem
488 1641 547 1685 illius
570 1642 620 1686 mali
640 1646 780 1699 praecaveret,
803 1643 871 1686 Moses
888 1639 984 1690 decrevit,
1005 1642 1031 1683 ut

136 1715 236 1758 seductor
247 1717 356 1758 teneretur
367 1714 475 1758 seductam
486 1730 577 1758 uxorem
588 1730 656 1759 emere
673 1720 710 1759 aut
723 1716 786 1773 patri,
802 1716 838 1773 qui
849 1713 953 1758 seductori
963 1713 1031 1756 filiam

136 1788 244 1831 seductam
266 1788 290 1831 in
306 1787 469 1831 matrimonium
486 1788 535 1831 dare
551 1788 623 1841 nollet,
645 1793 770 1833 consuetum
787 1803 874 1846 sponsae
890 1787 981 1845 pretium
998 1787 1034 1847 (ut.

136 1862 226 1915 videtur,
242 1863 335 1920 triginta
351 1862 423 1922 siclos)
445 1863 526 1906 solvere
548 1863 589 1922 <nx
606 1866 641 1915 22,
659 1866 686 1910 15
694 1863 724 1923 s).
752 1862 773 1906 Si
790 1861 922 1906 seductorii
939 1860 1031 1918 quadarn

136 1951 186 1978 usus
203 1939 254 1988 erat,
278 1935 437 1992 quinquaginta
452 1935 516 1978 siclos
532 1935 613 1979 solvere
629 1935 719 1979 debehat
740 1935 779 1995 <Du
795 1940 829 1986 22,
847 1935 913 1994 aas),
934 1934 956 1977 id
972 1932 1032 1991 quod

136 2009 163 2050 ab
179 2007 331 2065 antiquissima
347 2007 501 2051 consuetudine
522 2008 642 2064 profectum
663 2023 706 2052 esse
727 2008 811 2052 videtur
826 2008 866 2068 (cf.
884 2007 917 2051 Gn
933 2011 968 2062 34,
987 2008 1030 2066 12).
1063 1994 1064 1998 ¹

137 2079 302 2138 Quinquaginta
319 2083 390 2124 autem
406 2081 448 2124 illis
464 2081 521 2124 siclis
537 2086 610 2125 utrum
626 2080 696 2137 ipsum
712 2096 803 2138 sponsae
818 2081 912 2138 pretium
923 2080 1030 2123 inclusum

136 2169 164 2197 an
188 2153 231 2197 hoo
252 2156 363 2210 praeterea
385 2153 522 2210 pendendum
544 2154 614 2206 fuerit,
637 2169 682 2197 non
704 2154 778 2212 liquet.
809 2154 886 2198 Judaei
907 2153 1029 2210 posterioris

136 2228 211 2271 aetatis
233 2227 263 2270 Dt
285 2231 319 2279 22,
342 2232 370 2274 29
391 2218 447 2276 filib?
468 2219 555 2277 orfflu'lht
576 2228 674 2285 copulam
692 2232 698 2276 t
718 2227 850 2284 interpretati
871 2230 921 2271 suut
943 2236 990 2271 aaut:
1013 2225 1032 2269 si

135 2305 195 2357 pater
217 2301 286 2344 filiam
306 2299 413 2343 seductori
433 2315 521 2344 uxorem
542 2300 592 2344 dare
612 2301 746 2354 recusaverit,
766 2303 813 2344 tum
829 2300 908 2357 pendat
924 2299 1032 2357 quinqua

135 2375 198 2431 ginta
220 2374 291 2418 siclos,
324 2372 385 2426 Quod
406 2374 482 2430 procul
504 2374 570 2417 dubio
592 2374 671 2417 falsum
693 2376 730 2421 est,
753 2402 783 2407 -
805 2374 826 2433 d)
843 2373 873 2417 Ut
888 2373 951 2417 etiam
967 2372 1032 2429 pudi-

135 2447 209 2490 citiam
230 2445 320 2488 alterius
341 2460 404 2489 sexus
422 2449 533 2503 tamquam
554 2446 685 2503 singularem
707 2447 810 2491 castitatis
832 2446 941 2489 muliebris
957 2449 1030 2489 custo-

136 2520 184 2563 dem
208 2518 363 2570 corroboraret,
386 2518 455 2561 llloses
477 2520 547 2577 legem
567 2519 623 2572 tulit,
646 2525 671 2563 ut
692 2534 777 2575 sponsa,
800 2535 858 2577 quae,
881 2535 902 2563 se
924 2519 1032 2576 virginem

136 2608 179 2637 esse
201 2592 301 2645 mentita,
325 2595 472 2636 consummato
492 2592 631 2636 matrimonio
651 2593 701 2636 talis
722 2593 810 2636 inventa
831 2607 877 2636 non
899 2596 957 2645 esset,
979 2595 1029 2635 ante

135 2666 223 2709 ianuam
245 2666 322 2708 domus
343 2667 444 2722 paternae
464 2665 595 2722 lapidaretur
616 2666 655 2726 (Du
675 2672 710 2716 22,
732 2671 760 2713 20
772 2666 802 2725 s),
828 2666 887 2709 ldem
903 2666 982 2717 statuit,
1004 2668 1028 2708 ut

135 2740 180 2783 filia
201 2739 324 2790 sacerdotis,
350 2738 367 2781 si
389 2753 465 2794 corpus
488 2753 551 2782 suum
577 2740 720 2796 prostitueret,
747 2739 905 2783 combureretur
932 2739 970 2798 (hv
993 2743 1028 2791 21,

136 2815 158 2872 9)
179 2815 192 2856 i.
214 2828 231 2859 e,
254 2816 304 2869 post
326 2811 480 2867 lapidationem
502 2826 578 2867 corpus
600 2812 645 2855 eius
666 2811 760 2855 flammis
782 2814 950 2863 consumeretur3
978 2827 1030 2855 nam

135 2886 192 2943 apud
215 2886 325 2929 Hebraeos
351 2884 377 2928 ad
405 2884 576 2928 combustionem
603 2885 699 2928 damuati
725 2900 771 2935 non
796 2873 840 2929 rivi
866 2885 1030 2928 concremaban-

135 2963 175 3010 tur,
197 2959 234 3002 sed
255 2960 371 3016 postquam
393 2956 496 3014 supplicio
513 2957 652 3013 lapidationis
673 2958 745 3001 affecti
766 2959 830 3001 erant.
858 2960 927 3015 Atque
942 2958 1030 3014 propter

135 3032 265 3090 dignitatem
287 3031 355 3088 patris
376 3029 492 3073 sacerdotis
514 3030 630 3073 fornicatio
651 3030 708 3074 filiae
731 3032 775 3074 eius
796 3031 928 3087 puniebatur,
951 3029 1029 3073 civium

135 3106 191 3149 filiae
207 3105 341 3149 fornicantes
357 3107 427 3160 poena
448 3117 493 3146 non
510 3102 659 3147 afficiebantur
679 3104 719 3165 (ux
735 3108 770 3156 22,
788 3107 821 3152 15.
838 3104 868 3147 Dt
884 3108 917 3157 22,
934 3104 977 3162 28),
1000 3130 1031 3136 -

135 3181 155 3240 e)
172 3179 272 3236 Denique
294 3177 321 3221 ad
336 3176 470 3221 honestatem
491 3176 577 3233 publice
593 3178 706 3221 tutandam
729 3180 749 3221 et
769 3177 909 3221 scortationes
925 3175 1032 3220 cavendas
