<?xml version="1.0" encoding="UTF-8"?>
<!DOCTYPE html PUBLIC "-//W3C//DTD XHTML 1.0 Transitional//EN"
    "http://www.w3.org/TR/xhtml1/DTD/xhtml1-transitional.dtd">
<html xmlns="http://www.w3.org/1999/xhtml" xml:lang="en" lang="en">
 <head>
  <title>
</title>
<meta http-equiv="Content-Type" content="text/html;charset=utf-8" />
  <meta name='ocr-system' content='tesseract 3.04.00' />
  <meta name='ocr-capabilities' content='ocr_page ocr_carea ocr_par ocr_line ocrx_word'/>
</head>
<body>
  <div class='ocr_page' id='page_1' title='image "./MN42078ucmf_3_0285.png"; bbox 0 0 2147 3361; ppageno 0'>
   <div class='ocr_carea' id='block_1_1' title="bbox 482 78 1021 124">
    <p class='ocr_par' dir='ltr' id='par_1_1' title="bbox 482 78 1021 124">
     <span class='ocr_line' id='line_1_1' title="bbox 482 78 1021 124; baseline 0.022 -12"><span class='ocrx_word' id='word_1_1' title='bbox 482 78 545 114; x_wconf 75' lang='lat' dir='ltr'>Annus</span> <span class='ocrx_word' id='word_1_2' title='bbox 560 78 650 116; x_wconf 78' lang='lat' dir='ltr'>iubilaeus</span> <span class='ocrx_word' id='word_1_3' title='bbox 973 79 1021 124; x_wconf 65' lang='lat'>251?</span> 
     </span>
    </p>
   </div>
   <div class='ocr_carea' id='block_1_2' title="bbox 81 197 1027 2088">
    <p class='ocr_par' dir='ltr' id='par_1_2' title="bbox 81 197 1027 2088">
     <span class='ocr_line' id='line_1_2' title="bbox 184 197 1021 259; baseline -0.001 -18"><span class='ocrx_word' id='word_1_4' title='bbox 184 198 237 241; x_wconf 89' lang='lat' dir='ltr'>Haec</span> <span class='ocrx_word' id='word_1_5' title='bbox 253 197 281 240; x_wconf 93' lang='lat' dir='ltr'>de</span> <span class='ocrx_word' id='word_1_6' title='bbox 299 213 355 242; x_wconf 89' lang='lat' dir='ltr'>anno</span> <span class='ocrx_word' id='word_1_7' title='bbox 370 198 464 244; x_wconf 86' lang='lat' dir='ltr'>iubilaeo</span> <span class='ocrx_word' id='word_1_8' title='bbox 480 204 591 259; x_wconf 81' lang='lat' dir='ltr'>praecepta</span> <span class='ocrx_word' id='word_1_9' title='bbox 607 218 655 245; x_wconf 78' lang='lat' dir='ltr'>nuni</span> <span class='ocrx_word' id='word_1_10' title='bbox 678 204 731 245; x_wconf 57' lang='lat' dir='ltr'>cante</span> <span class='ocrx_word' id='word_1_11' title='bbox 752 201 853 244; x_wconf 75' lang='lat' dir='ltr'>exsilium</span> <span class='ocrx_word' id='word_1_12' title='bbox 869 198 1021 254; x_wconf 85' lang='lat' dir='ltr'>Babylonium·</span> 
     </span>
     <span class='ocr_line' id='line_1_3' title="bbox 120 270 1024 324; baseline -0.001 -11"><span class='ocrx_word' id='word_1_13' title='bbox 120 271 233 314; x_wconf 82' lang='lat' dir='ltr'>observata</span> <span class='ocrx_word' id='word_1_14' title='bbox 248 270 301 324; x_wconf 89' lang='lat' dir='ltr'>sint,</span> <span class='ocrx_word' id='word_1_15' title='bbox 318 286 385 315; x_wconf 85' lang='lat' dir='ltr'>sacrae</span> <span class='ocrx_word' id='word_1_16' title='bbox 400 271 487 316; x_wconf 84' lang='lat' dir='ltr'>litterae</span> <span class='ocrx_word' id='word_1_17' title='bbox 501 289 546 317; x_wconf 87' lang='lat' dir='ltr'>nou</span> <span class='ocrx_word' id='word_1_18' title='bbox 563 275 654 319; x_wconf 84' lang='lat' dir='ltr'>tradunt.</span> <span class='ocrx_word' id='word_1_19' title='bbox 683 274 771 318; x_wconf 77' lang='lat' dir='ltr'>Maximi</span> <span class='ocrx_word' id='word_1_20' title='bbox 787 287 840 317; x_wconf 84' lang='lat' dir='ltr'>sane</span> <span class='ocrx_word' id='word_1_21' title='bbox 857 271 963 316; x_wconf 88' lang='lat' dir='ltr'>momenti</span> <span class='ocrx_word' id='word_1_22' title='bbox 980 272 1024 322; x_wconf 77' lang='lat' dir='ltr'>est,</span> 
     </span>
     <span class='ocr_line' id='line_1_4' title="bbox 120 343 1020 406; baseline -0.001 -20"><span class='ocrx_word' id='word_1_23' title='bbox 120 343 182 400; x_wconf 87' lang='lat' dir='ltr'>quod</span> <span class='ocrx_word' id='word_1_24' title='bbox 197 346 219 386; x_wconf 90' lang='lat' dir='ltr'>in</span> <span class='ocrx_word' id='word_1_25' title='bbox 230 343 403 397; x_wconf 62' lang='lat' dir='ltr'>Deuteronomio,</span> <span class='ocrx_word' id='word_1_26' title='bbox 423 361 466 403; x_wconf 85' lang='lat' dir='ltr'>quo</span> <span class='ocrx_word' id='word_1_27' title='bbox 483 349 563 390; x_wconf 85' lang='lat' dir='ltr'>ceterae</span> <span class='ocrx_word' id='word_1_28' title='bbox 579 347 640 406; x_wconf 80' lang='lat' dir='ltr'>leges,</span> <span class='ocrx_word' id='word_1_29' title='bbox 656 362 712 405; x_wconf 72' lang='lat' dir='ltr'>quare</span> <span class='ocrx_word' id='word_1_30' title='bbox 729 347 754 391; x_wconf 88' lang='lat' dir='ltr'>ad</span> <span class='ocrx_word' id='word_1_31' title='bbox 769 350 873 403; x_wconf 81' lang='lat' dir='ltr'>tempora,</span> <span class='ocrx_word' id='word_1_32' title='bbox 890 344 969 402; x_wconf 86' lang='lat' dir='ltr'>quibus</span> <span class='ocrx_word' id='word_1_33' title='bbox 981 343 1020 386; x_wconf 88' lang='lat' dir='ltr'>ille</span> 
     </span>
     <span class='ocr_line' id='line_1_5' title="bbox 120 416 1017 476; baseline 0 -17"><span class='ocrx_word' id='word_1_34' title='bbox 120 416 178 460; x_wconf 83' lang='lat' dir='ltr'>liber</span> <span class='ocrx_word' id='word_1_35' title='bbox 193 416 256 472; x_wconf 82' lang='lat' dir='ltr'>script</span> <span class='ocrx_word' id='word_1_36' title='bbox 257 432 284 460; x_wconf 90' lang='lat' dir='ltr'>us</span> <span class='ocrx_word' id='word_1_37' title='bbox 301 418 338 470; x_wconf 89' lang='lat' dir='ltr'>est,</span> <span class='ocrx_word' id='word_1_38' title='bbox 354 416 444 461; x_wconf 81' lang='lat' dir='ltr'>idoneae</span> <span class='ocrx_word' id='word_1_39' title='bbox 465 422 528 472; x_wconf 84' lang='lat' dir='ltr'>erant,</span> <span class='ocrx_word' id='word_1_40' title='bbox 546 435 621 464; x_wconf 84' lang='lat' dir='ltr'>omncs</span> <span class='ocrx_word' id='word_1_41' title='bbox 640 421 685 464; x_wconf 77' lang='lat' dir='ltr'>fere</span> <span class='ocrx_word' id='word_1_42' title='bbox 707 424 793 476; x_wconf 80' lang='lat' dir='ltr'>repetnn</span> <span class='ocrx_word' id='word_1_43' title='bbox 757 422 839 472; x_wconf 79' lang='lat' dir='ltr'>tantur,</span> <span class='ocrx_word' id='word_1_44' title='bbox 856 418 907 462; x_wconf 88' lang='lat' dir='ltr'>anni</span> <span class='ocrx_word' id='word_1_45' title='bbox 927 418 996 461; x_wconf 83' lang='lat' dir='ltr'>iubila</span> <span class='ocrx_word' id='word_1_46' title='bbox 986 417 1017 459; x_wconf 84' lang='lat' dir='ltr'>ei</span> 
     </span>
     <span class='ocr_line' id='line_1_6' title="bbox 120 489 1017 550; baseline 0.001 -17"><span class='ocrx_word' id='word_1_47' title='bbox 120 489 204 533; x_wconf 85' lang='lat' dir='ltr'>mentio</span> <span class='ocrx_word' id='word_1_48' title='bbox 223 505 269 533; x_wconf 90' lang='lat' dir='ltr'>non</span> <span class='ocrx_word' id='word_1_49' title='bbox 292 490 322 534; x_wconf 87' lang='lat' dir='ltr'>fit</span> <span class='ocrx_word' id='word_1_50' title='bbox 308 489 414 543; x_wconf 71' lang='lat' dir='ltr'>ednod</span> <span class='ocrx_word' id='word_1_51' title='bbox 431 506 479 535; x_wconf 83' lang='lat' dir='ltr'>vero</span> <span class='ocrx_word' id='word_1_52' title='bbox 495 492 536 536; x_wconf 84' lang='lat' dir='ltr'>Nm</span> <span class='ocrx_word' id='word_1_53' title='bbox 554 498 591 547; x_wconf 73' lang='lat'>36,</span> <span class='ocrx_word' id='word_1_54' title='bbox 607 498 621 541; x_wconf 77' lang='grc'>4</span> <span class='ocrx_word' id='word_1_55' title='bbox 640 509 712 537; x_wconf 85' lang='lat' dir='ltr'>annus</span> <span class='ocrx_word' id='word_1_56' title='bbox 733 494 839 536; x_wconf 84' lang='lat' dir='ltr'>iubilaeus</span> <span class='ocrx_word' id='word_1_57' title='bbox 856 496 969 550; x_wconf 84' lang='lat' dir='ltr'>tamqnam</span> <span class='ocrx_word' id='word_1_58' title='bbox 985 506 1017 534; x_wconf 78' lang='lat' dir='ltr'>res</span> 
     </span>
     <span class='ocr_line' id='line_1_7' title="bbox 121 548 1015 623; baseline 0.003 -18"><span class='ocrx_word' id='word_1_59' title='bbox 121 563 222 606; x_wconf 86' lang='lat' dir='ltr'>omnibns</span> <span class='ocrx_word' id='word_1_60' title='bbox 241 566 298 607; x_wconf 89' lang='lat' dir='ltr'>nota</span> <span class='ocrx_word' id='word_1_61' title='bbox 319 567 456 616; x_wconf 83' lang='lat' dir='ltr'>memoratur,</span> <span class='ocrx_word' id='word_1_62' title='bbox 476 570 603 623; x_wconf 82' lang='lat' dir='ltr'>argumento</span> <span class='ocrx_word' id='word_1_63' title='bbox 623 548 667 610; x_wconf 78' lang='lat' dir='ltr'>noir</span> <span class='ocrx_word' id='word_1_64' title='bbox 692 570 724 610; x_wconf 88' lang='lat' dir='ltr'>est</span> <span class='ocrx_word' id='word_1_65' title='bbox 744 580 790 609; x_wconf 87' lang='lat' dir='ltr'>eum</span> <span class='ocrx_word' id='word_1_66' title='bbox 813 581 858 610; x_wconf 85' lang='lat' dir='ltr'>esse</span> <span class='ocrx_word' id='word_1_67' title='bbox 875 566 949 608; x_wconf 74' lang='lat' dir='ltr'>celebr</span> <span class='ocrx_word' id='word_1_68' title='bbox 945 567 1015 615; x_wconf 74' lang='lat' dir='ltr'>rtum,</span> 
     </span>
     <span class='ocr_line' id='line_1_8' title="bbox 120 637 1025 696; baseline -0.004 -15"><span class='ocrx_word' id='word_1_69' title='bbox 120 653 175 681; x_wconf 87' lang='lat' dir='ltr'>nam</span> <span class='ocrx_word' id='word_1_70' title='bbox 195 637 268 692; x_wconf 74' lang='lat' dir='ltr'>stille</span> <span class='ocrx_word' id='word_1_71' title='bbox 285 637 349 681; x_wconf 82' lang='lat' dir='ltr'>rerba</span> <span class='ocrx_word' id='word_1_72' title='bbox 368 652 443 681; x_wconf 83' lang='lat' dir='ltr'>eorum</span> <span class='ocrx_word' id='word_1_73' title='bbox 464 641 626 696; x_wconf 73' lang='lat' dir='ltr'>santonorum</span> <span class='ocrx_word' id='word_1_74' title='bbox 646 655 691 683; x_wconf 87' lang='lat' dir='ltr'>esse</span> <span class='ocrx_word' id='word_1_75' title='bbox 713 639 820 692; x_wconf 87' lang='lat' dir='ltr'>dicuntur,</span> <span class='ocrx_word' id='word_1_76' title='bbox 840 654 864 682; x_wconf 83' lang='lat' dir='ltr'>ex</span> <span class='ocrx_word' id='word_1_77' title='bbox 884 640 929 695; x_wconf 89' lang='lat' dir='ltr'>ipso</span> <span class='ocrx_word' id='word_1_78' title='bbox 949 637 1025 681; x_wconf 62' lang='lat' dir='ltr'>Masis„</span> 
     </span>
     <span class='ocr_line' id='line_1_9' title="bbox 121 708 1016 769; baseline 0.001 -15"><span class='ocrx_word' id='word_1_79' title='bbox 121 710 221 754; x_wconf 87' lang='lat' dir='ltr'>instituto</span> <span class='ocrx_word' id='word_1_80' title='bbox 236 710 288 754; x_wconf 86' lang='lat' dir='ltr'>festi</span> <span class='ocrx_word' id='word_1_81' title='bbox 304 710 361 753; x_wconf 89' lang='lat' dir='ltr'>illius</span> <span class='ocrx_word' id='word_1_82' title='bbox 375 711 479 755; x_wconf 87' lang='lat' dir='ltr'>notitiam</span> <span class='ocrx_word' id='word_1_83' title='bbox 493 711 517 755; x_wconf 93' lang='lat' dir='ltr'>iis</span> <span class='ocrx_word' id='word_1_84' title='bbox 533 712 601 756; x_wconf 78' lang='lat' dir='ltr'>fnisse</span> <span class='ocrx_word' id='word_1_85' title='bbox 617 715 715 769; x_wconf 51' lang='lat' dir='ltr'>elatraret,</span> <span class='ocrx_word' id='word_1_86' title='bbox 727 712 759 755; x_wconf 89' lang='lat' dir='ltr'>sin</span> <span class='ocrx_word' id='word_1_87' title='bbox 770 708 883 768; x_wconf 82' lang='lat' dir='ltr'>scriptoris</span> <span class='ocrx_word' id='word_1_88' title='bbox 891 712 1016 755; x_wconf 85' lang='lat' dir='ltr'>recentioris</span> 
     </span>
     <span class='ocr_line' id='line_1_10' title="bbox 122 783 1024 843; baseline 0.001 -16"><span class='ocrx_word' id='word_1_89' title='bbox 122 786 181 835; x_wconf 89' lang='lat' dir='ltr'>sunt,</span> <span class='ocrx_word' id='word_1_90' title='bbox 197 798 241 827; x_wconf 89' lang='lat' dir='ltr'>eum</span> <span class='ocrx_word' id='word_1_91' title='bbox 258 798 286 826; x_wconf 85' lang='lat' dir='ltr'>ex</span> <span class='ocrx_word' id='word_1_92' title='bbox 303 783 357 827; x_wconf 89' lang='lat' dir='ltr'>vitae</span> <span class='ocrx_word' id='word_1_93' title='bbox 366 799 405 827; x_wconf 86' lang='lat' dir='ltr'>usn</span> <span class='ocrx_word' id='word_1_94' title='bbox 418 799 499 828; x_wconf 86' lang='lat' dir='ltr'>annum</span> <span class='ocrx_word' id='word_1_95' title='bbox 508 785 625 829; x_wconf 83' lang='lat' dir='ltr'>inbilaeum</span> <span class='ocrx_word' id='word_1_96' title='bbox 637 786 724 829; x_wconf 83' lang='lat' dir='ltr'>novisse</span> <span class='ocrx_word' id='word_1_97' title='bbox 734 784 832 829; x_wconf 88' lang='lat' dir='ltr'>nondum</span> <span class='ocrx_word' id='word_1_98' title='bbox 845 785 941 838; x_wconf 80' lang='lat' dir='ltr'>efficitur,</span> <span class='ocrx_word' id='word_1_99' title='bbox 960 785 1024 843; x_wconf 79' lang='lat' dir='ltr'>qnod</span> 
     </span>
     <span class='ocr_line' id='line_1_11' title="bbox 122 856 1025 914; baseline 0.002 -15"><span class='ocrx_word' id='word_1_100' title='bbox 122 872 151 899; x_wconf 79' lang='lat' dir='ltr'>ex</span> <span class='ocrx_word' id='word_1_101' title='bbox 167 858 236 914; x_wconf 79' lang='lat' dir='ltr'>legum</span> <span class='ocrx_word' id='word_1_102' title='bbox 247 856 387 900; x_wconf 84' lang='lat' dir='ltr'>Mosaicarum</span> <span class='ocrx_word' id='word_1_103' title='bbox 404 857 467 901; x_wconf 80' lang='lat' dir='ltr'>libris</span> <span class='ocrx_word' id='word_1_104' title='bbox 482 857 524 901; x_wconf 86' lang='lat' dir='ltr'>eius</span> <span class='ocrx_word' id='word_1_105' title='bbox 540 859 643 902; x_wconf 88' lang='lat' dir='ltr'>notitiam</span> <span class='ocrx_word' id='word_1_106' title='bbox 658 858 747 901; x_wconf 82' lang='lat' dir='ltr'>haurire</span> <span class='ocrx_word' id='word_1_107' title='bbox 761 859 841 914; x_wconf 81' lang='lat' dir='ltr'>potuit.</span> <span class='ocrx_word' id='word_1_108' title='bbox 862 857 883 901; x_wconf 80' lang='lat' dir='ltr'>Si</span> <span class='ocrx_word' id='word_1_109' title='bbox 898 858 934 902; x_wconf 89' lang='lat' dir='ltr'>ille</span> <span class='ocrx_word' id='word_1_110' title='bbox 947 873 1025 902; x_wconf 84' lang='lat' dir='ltr'>annus.</span> 
     </span>
     <span class='ocr_line' id='line_1_12' title="bbox 121 929 1017 989; baseline 0.002 -16"><span class='ocrx_word' id='word_1_111' title='bbox 121 945 172 974; x_wconf 81' lang='lat' dir='ltr'>vere</span> <span class='ocrx_word' id='word_1_112' title='bbox 188 931 312 973; x_wconf 78' lang='lat' dir='ltr'>observatus</span> <span class='ocrx_word' id='word_1_113' title='bbox 327 932 383 982; x_wconf 84' lang='lat' dir='ltr'>esset,</span> <span class='ocrx_word' id='word_1_114' title='bbox 399 929 473 974; x_wconf 83' lang='lat' dir='ltr'>Jesaia</span> <span class='ocrx_word' id='word_1_115' title='bbox 483 934 502 983; x_wconf 77' lang='lat'>5,</span> <span class='ocrx_word' id='word_1_116' title='bbox 513 936 525 978; x_wconf 81' lang='grc'><strong>8</strong></span> <span class='ocrx_word' id='word_1_117' title='bbox 538 931 563 974; x_wconf 86' lang='lat' dir='ltr'>in</span> <span class='ocrx_word' id='word_1_118' title='bbox 575 931 678 989; x_wconf 85' lang='lat' dir='ltr'>quosdam</span> <span class='ocrx_word' id='word_1_119' title='bbox 689 931 743 988; x_wconf 72' lang='lat' dir='ltr'>legis</span> <span class='ocrx_word' id='word_1_120' title='bbox 754 931 879 984; x_wconf 80' lang='lat' dir='ltr'>violatores,</span> <span class='ocrx_word' id='word_1_121' title='bbox 891 932 927 989; x_wconf 80' lang='lat' dir='ltr'>qui</span> <span class='ocrx_word' id='word_1_122' title='bbox 940 946 1017 988; x_wconf 69' lang='lat' dir='ltr'>aginam</span> 
     </span>
     <span class='ocr_line' id='line_1_13' title="bbox 122 1003 1017 1061; baseline 0.003 -16"><span class='ocrx_word' id='word_1_123' title='bbox 122 1003 240 1061; x_wconf 75' lang='lat' dir='ltr'>adagium</span> <span class='ocrx_word' id='word_1_124' title='bbox 257 1005 280 1047; x_wconf 90' lang='lat' dir='ltr'>et</span> <span class='ocrx_word' id='word_1_125' title='bbox 297 1003 380 1046; x_wconf 74' lang='lat' dir='ltr'>[tomum</span> <span class='ocrx_word' id='word_1_126' title='bbox 397 1005 426 1048; x_wconf 86' lang='lat' dir='ltr'>ad</span> <span class='ocrx_word' id='word_1_127' title='bbox 443 1004 526 1048; x_wconf 88' lang='lat' dir='ltr'>dommn</span> <span class='ocrx_word' id='word_1_128' title='bbox 544 1006 649 1057; x_wconf 82' lang='lat' dir='ltr'>emebant,</span> <span class='ocrx_word' id='word_1_129' title='bbox 666 1020 715 1048; x_wconf 83' lang='lat' dir='ltr'>non</span> <span class='ocrx_word' id='word_1_130' title='bbox 730 1006 773 1049; x_wconf 85' lang='lat' dir='ltr'>tam</span> <span class='ocrx_word' id='word_1_131' title='bbox 789 1004 865 1049; x_wconf 85' lang='lat' dir='ltr'>acerbe</span> <span class='ocrx_word' id='word_1_132' title='bbox 876 1003 1017 1052; x_wconf 83' lang='lat' dir='ltr'>inveheretur.</span> 
     </span>
     <span class='ocr_line' id='line_1_14' title="bbox 123 1077 1018 1134; baseline -0.001 -13"><span class='ocrx_word' id='word_1_133' title='bbox 123 1077 189 1134; x_wconf 83' lang='lat' dir='ltr'>Apud</span> <span class='ocrx_word' id='word_1_134' title='bbox 203 1077 230 1120; x_wconf 74' lang='lat' dir='ltr'>En</span> <span class='ocrx_word' id='word_1_135' title='bbox 245 1081 284 1129; x_wconf 81' lang='grc'>46,</span> <span class='ocrx_word' id='word_1_136' title='bbox 304 1081 328 1124; x_wconf 79' lang='grc'>11</span> <span class='ocrx_word' id='word_1_137' title='bbox 345 1093 393 1121; x_wconf 82' lang='lat' dir='ltr'>sane</span> <span class='ocrx_word' id='word_1_138' title='bbox 416 1078 443 1121; x_wconf 90' lang='lat' dir='ltr'>de</span> <span class='ocrx_word' id='word_1_139' title='bbox 463 1093 517 1121; x_wconf 82' lang='lat' dir='ltr'>anno</span> <span class='ocrx_word' id='word_1_140' title='bbox 538 1078 631 1122; x_wconf 87' lang='lat' dir='ltr'>iubilaeo</span> <span class='ocrx_word' id='word_1_141' title='bbox 652 1093 725 1122; x_wconf 81' lang='lat' dir='ltr'>sermo</span> <span class='ocrx_word' id='word_1_142' title='bbox 741 1082 780 1129; x_wconf 83' lang='lat' dir='ltr'>est;</span> <span class='ocrx_word' id='word_1_143' title='bbox 798 1078 837 1121; x_wconf 86' lang='lat' dir='ltr'>sed</span> <span class='ocrx_word' id='word_1_144' title='bbox 853 1078 902 1121; x_wconf 89' lang='lat' dir='ltr'>inde</span> <span class='ocrx_word' id='word_1_145' title='bbox 917 1078 1018 1121; x_wconf 83' lang='lat' dir='ltr'>nondum</span> 
     </span>
     <span class='ocr_line' id='line_1_15' title="bbox 123 1151 1017 1209; baseline -0.001 -15"><span class='ocrx_word' id='word_1_146' title='bbox 123 1152 219 1208; x_wconf 86' lang='lat' dir='ltr'>sequitur</span> <span class='ocrx_word' id='word_1_147' title='bbox 233 1165 285 1194; x_wconf 88' lang='lat' dir='ltr'>eum</span> <span class='ocrx_word' id='word_1_148' title='bbox 302 1151 437 1194; x_wconf 85' lang='lat' dir='ltr'>observatum</span> <span class='ocrx_word' id='word_1_149' title='bbox 453 1166 500 1198; x_wconf 82' lang='lat' dir='ltr'>csse.</span> <span class='ocrx_word' id='word_1_150' title='bbox 521 1151 633 1208; x_wconf 83' lang='lat' dir='ltr'>Propheta</span> <span class='ocrx_word' id='word_1_151' title='bbox 648 1152 716 1205; x_wconf 89' lang='lat' dir='ltr'>enim,</span> <span class='ocrx_word' id='word_1_152' title='bbox 732 1151 785 1195; x_wconf 86' lang='lat' dir='ltr'>sicut</span> <span class='ocrx_word' id='word_1_153' title='bbox 801 1152 882 1195; x_wconf 85' lang='lat' dir='ltr'>multas</span> <span class='ocrx_word' id='word_1_154' title='bbox 897 1151 954 1209; x_wconf 81' lang='lat' dir='ltr'>legis</span> <span class='ocrx_word' id='word_1_155' title='bbox 972 1151 1017 1193; x_wconf 85' lang='lat' dir='ltr'>llo-</span> 
     </span>
     <span class='ocr_line' id='line_1_16' title="bbox 123 1213 1026 1282; baseline -0.001 -16"><span class='ocrx_word' id='word_1_156' title='bbox 123 1224 192 1267; x_wconf 85' lang='lat' dir='ltr'>saicae</span> <span class='ocrx_word' id='word_1_157' title='bbox 206 1226 278 1280; x_wconf 82' lang='lat' dir='ltr'>partes</span> <span class='ocrx_word' id='word_1_158' title='bbox 293 1223 440 1267; x_wconf 84' lang='lat' dir='ltr'>aedificatione</span> <span class='ocrx_word' id='word_1_159' title='bbox 451 1225 500 1268; x_wconf 86' lang='lat' dir='ltr'>nori</span> <span class='ocrx_word' id='word_1_160' title='bbox 510 1224 589 1281; x_wconf 86' lang='lat' dir='ltr'>templi</span> <span class='ocrx_word' id='word_1_161' title='bbox 598 1225 693 1268; x_wconf 86' lang='lat' dir='ltr'>instante</span> <span class='ocrx_word' id='word_1_162' title='bbox 707 1225 788 1282; x_wconf 80' lang='lat' dir='ltr'>repetit,</span> <span class='ocrx_word' id='word_1_163' title='bbox 799 1225 833 1268; x_wconf 88' lang='grc' dir='ltr'>1ιιι</span> <span class='ocrx_word' id='word_1_164' title='bbox 845 1224 871 1267; x_wconf 87' lang='lat' dir='ltr'>ad</span> <span class='ocrx_word' id='word_1_165' title='bbox 882 1213 930 1267; x_wconf 78' lang='lat' dir='ltr'>sirie</span> <span class='ocrx_word' id='word_1_166' title='bbox 943 1224 1026 1267; x_wconf 39' lang='lat' dir='ltr'>aet-atis,</span> 
     </span>
     <span class='ocr_line' id='line_1_17' title="bbox 123 1297 1013 1354; baseline -0.002 -12"><span class='ocrx_word' id='word_1_167' title='bbox 123 1297 258 1342; x_wconf 64' lang='lat' dir='ltr'>necessitates</span> <span class='ocrx_word' id='word_1_168' title='bbox 283 1312 319 1340; x_wconf 87' lang='lat' dir='ltr'>eas</span> <span class='ocrx_word' id='word_1_169' title='bbox 334 1297 422 1354; x_wconf 82' lang='lat' dir='ltr'>paulum</span> <span class='ocrx_word' id='word_1_170' title='bbox 438 1299 528 1341; x_wconf 87' lang='lat' dir='ltr'>mutatas</span> <span class='ocrx_word' id='word_1_171' title='bbox 546 1297 701 1343; x_wconf 86' lang='lat' dir='ltr'>accommodat.</span> <span class='ocrx_word' id='word_1_172' title='bbox 734 1297 801 1341; x_wconf 78' lang='lat' dir='ltr'>Etiam</span> <span class='ocrx_word' id='word_1_173' title='bbox 826 1297 894 1354; x_wconf 75' lang='lat' dir='ltr'>legem</span> <span class='ocrx_word' id='word_1_174' title='bbox 909 1297 935 1341; x_wconf 88' lang='lat' dir='ltr'>de</span> <span class='ocrx_word' id='word_1_175' title='bbox 957 1312 1013 1340; x_wconf 83' lang='lat' dir='ltr'>anno</span> 
     </span>
     <span class='ocr_line' id='line_1_18' title="bbox 122 1369 1024 1428; baseline -0.001 -14"><span class='ocrx_word' id='word_1_176' title='bbox 122 1371 215 1414; x_wconf 83' lang='lat' dir='ltr'>iubilaeo</span> <span class='ocrx_word' id='word_1_177' title='bbox 231 1369 257 1413; x_wconf 86' lang='lat' dir='ltr'>ad</span> <span class='ocrx_word' id='word_1_178' title='bbox 274 1370 374 1427; x_wconf 79' lang='lat' dir='ltr'>principis</span> <span class='ocrx_word' id='word_1_179' title='bbox 390 1370 620 1427; x_wconf 25' lang='lat' dir='ltr'>condicionem-apat,</span> <span class='ocrx_word' id='word_1_180' title='bbox 636 1370 742 1428; x_wconf 77' lang='lat' dir='ltr'>quoniam</span> <span class='ocrx_word' id='word_1_181' title='bbox 756 1371 779 1414; x_wconf 87' lang='lat' dir='ltr'>iu</span> <span class='ocrx_word' id='word_1_182' title='bbox 795 1371 893 1414; x_wconf 88' lang='lat' dir='ltr'>Levitico</span> <span class='ocrx_word' id='word_1_183' title='bbox 909 1371 1024 1427; x_wconf 49' lang='lat' dir='ltr'>principis,</span> 
     </span>
     <span class='ocr_line' id='line_1_19' title="bbox 123 1443 1025 1500; baseline 0.001 -13"><span class='ocrx_word' id='word_1_184' title='bbox 123 1445 206 1488; x_wconf 89' lang='lat' dir='ltr'>mentio</span> <span class='ocrx_word' id='word_1_185' title='bbox 220 1444 321 1488; x_wconf 86' lang='lat' dir='ltr'>nondum</span> <span class='ocrx_word' id='word_1_186' title='bbox 336 1444 390 1488; x_wconf 83' lang='lat' dir='ltr'>facta</span> <span class='ocrx_word' id='word_1_187' title='bbox 407 1446 475 1491; x_wconf 80' lang='lat' dir='ltr'>erat1.</span> <span class='ocrx_word' id='word_1_188' title='bbox 496 1444 592 1488; x_wconf 82' lang='lat' dir='ltr'>Rabbini</span> <span class='ocrx_word' id='word_1_189' title='bbox 602 1445 728 1488; x_wconf 81' lang='lat' dir='ltr'>existimant</span> <span class='ocrx_word' id='word_1_190' title='bbox 737 1447 785 1500; x_wconf 85' lang='lat' dir='ltr'>post</span> <span class='ocrx_word' id='word_1_191' title='bbox 796 1443 891 1488; x_wconf 86' lang='lat' dir='ltr'>reditum</span> <span class='ocrx_word' id='word_1_192' title='bbox 903 1459 928 1487; x_wconf 78' lang='lat' dir='ltr'>ex</span> <span class='ocrx_word' id='word_1_193' title='bbox 943 1444 1025 1488; x_wconf 81' lang='lat' dir='ltr'>exsilio-</span> 
     </span>
     <span class='ocr_line' id='line_1_20' title="bbox 124 1517 1019 1574; baseline 0.002 -15"><span class='ocrx_word' id='word_1_194' title='bbox 124 1521 194 1561; x_wconf 84' lang='lat' dir='ltr'>annos</span> <span class='ocrx_word' id='word_1_195' title='bbox 209 1518 314 1561; x_wconf 85' lang='lat' dir='ltr'>inbilaeos</span> <span class='ocrx_word' id='word_1_196' title='bbox 328 1517 398 1561; x_wconf 84' lang='lat' dir='ltr'>nullos</span> <span class='ocrx_word' id='word_1_197' title='bbox 410 1517 481 1570; x_wconf 84' lang='lat' dir='ltr'>fuisse,</span> <span class='ocrx_word' id='word_1_198' title='bbox 492 1517 526 1561; x_wconf 87' lang='lat' dir='ltr'>sed</span> <span class='ocrx_word' id='word_1_199' title='bbox 537 1521 612 1561; x_wconf 83' lang='lat' dir='ltr'>tamen</span> <span class='ocrx_word' id='word_1_200' title='bbox 622 1520 746 1561; x_wconf 84' lang='lat' dir='ltr'>numeratos</span> <span class='ocrx_word' id='word_1_201' title='bbox 756 1532 807 1571; x_wconf 85' lang='lat' dir='ltr'>esse,</span> <span class='ocrx_word' id='word_1_202' title='bbox 820 1520 846 1561; x_wconf 89' lang='lat' dir='ltr'>ut</span> <span class='ocrx_word' id='word_1_203' title='bbox 856 1517 925 1573; x_wconf 73' lang='lat' dir='ltr'>cyclus</span> <span class='ocrx_word' id='word_1_204' title='bbox 938 1521 1019 1574; x_wconf 87' lang='lat' dir='ltr'>septem</span> 
     </span>
     <span class='ocr_line' id='line_1_21' title="bbox 125 1590 1027 1649; baseline 0.001 -17"><span class='ocrx_word' id='word_1_205' title='bbox 125 1605 230 1634; x_wconf 82' lang='lat' dir='ltr'>annorum</span> <span class='ocrx_word' id='word_1_206' title='bbox 247 1591 406 1634; x_wconf 76' lang='lat' dir='ltr'>sabbatismum</span> <span class='ocrx_word' id='word_1_207' title='bbox 424 1590 552 1634; x_wconf 84' lang='lat' dir='ltr'>etiamtum</span> <span class='ocrx_word' id='word_1_208' title='bbox 570 1591 728 1649; x_wconf 66' lang='lat' dir='ltr'>quinquaginta</span> <span class='ocrx_word' id='word_1_209' title='bbox 743 1606 812 1634; x_wconf 89' lang='lat' dir='ltr'>annos</span> <span class='ocrx_word' id='word_1_210' title='bbox 830 1590 926 1636; x_wconf 77' lang='lat' dir='ltr'>efficeret.</span> <span class='ocrx_word' id='word_1_211' title='bbox 961 1590 1027 1634; x_wconf 71' lang='lat' dir='ltr'>Circav</span> 
     </span>
     <span class='ocr_line' id='line_1_22' title="bbox 124 1663 1018 1723; baseline -0.002 -15"><span class='ocrx_word' id='word_1_212' title='bbox 124 1664 178 1709; x_wconf 81' lang='lat' dir='ltr'>novi</span> <span class='ocrx_word' id='word_1_213' title='bbox 194 1664 316 1708; x_wconf 87' lang='lat' dir='ltr'>testamenti</span> <span class='ocrx_word' id='word_1_214' title='bbox 331 1667 429 1723; x_wconf 82' lang='lat' dir='ltr'>tempora</span> <span class='ocrx_word' id='word_1_215' title='bbox 445 1663 478 1708; x_wconf 87' lang='lat' dir='ltr'>lex</span> <span class='ocrx_word' id='word_1_216' title='bbox 494 1666 517 1708; x_wconf 89' lang='lat' dir='ltr'>de</span> <span class='ocrx_word' id='word_1_217' title='bbox 534 1680 595 1708; x_wconf 86' lang='lat' dir='ltr'>anno</span> <span class='ocrx_word' id='word_1_218' title='bbox 611 1664 703 1708; x_wconf 86' lang='lat' dir='ltr'>iubilaeo</span> <span class='ocrx_word' id='word_1_219' title='bbox 720 1665 802 1708; x_wconf 86' lang='lat' dir='ltr'>nullam</span> <span class='ocrx_word' id='word_1_220' title='bbox 820 1664 865 1707; x_wconf 85' lang='lat' dir='ltr'>vim</span> <span class='ocrx_word' id='word_1_221' title='bbox 875 1663 976 1707; x_wconf 86' lang='lat' dir='ltr'>habuisse</span> <span class='ocrx_word' id='word_1_222' title='bbox 987 1664 1018 1707; x_wconf 72' lang='lat' dir='ltr'>ri·</span> 
     </span>
     <span class='ocr_line' id='line_1_23' title="bbox 81 1737 1017 1797; baseline -0.005 -13"><span class='ocrx_word' id='word_1_223' title='bbox 81 1780 83 1784; x_wconf 64' lang='lat'>,</span> <span class='ocrx_word' id='word_1_224' title='bbox 125 1737 193 1790; x_wconf 86' lang='lat' dir='ltr'>detur,</span> <span class='ocrx_word' id='word_1_225' title='bbox 208 1738 228 1781; x_wconf 87' lang='lat' dir='ltr'>id</span> <span class='ocrx_word' id='word_1_226' title='bbox 250 1738 310 1796; x_wconf 87' lang='lat' dir='ltr'>quod</span> <span class='ocrx_word' id='word_1_227' title='bbox 330 1753 354 1781; x_wconf 83' lang='lat' dir='ltr'>en</span> <span class='ocrx_word' id='word_1_228' title='bbox 373 1754 397 1782; x_wconf 87' lang='lat' dir='ltr'>eo</span> <span class='ocrx_word' id='word_1_229' title='bbox 422 1739 548 1797; x_wconf 76' lang='lat' dir='ltr'>colligimus,</span> <span class='ocrx_word' id='word_1_230' title='bbox 566 1738 622 1794; x_wconf 88' lang='lat' dir='ltr'>quod</span> <span class='ocrx_word' id='word_1_231' title='bbox 637 1737 751 1793; x_wconf 82' lang='lat' dir='ltr'>Josephus,</span> <span class='ocrx_word' id='word_1_232' title='bbox 767 1738 822 1780; x_wconf 81' lang='lat' dir='ltr'>ciris</span> <span class='ocrx_word' id='word_1_233' title='bbox 840 1737 979 1789; x_wconf 76' lang='lat' dir='ltr'>Arimathiae,</span> <span class='ocrx_word' id='word_1_234' title='bbox 996 1737 1017 1780; x_wconf 89' lang='lat' dir='ltr'>in</span> 
     </span>
     <span class='ocr_line' id='line_1_24' title="bbox 125 1810 1026 1871; baseline 0.001 -17"><span class='ocrx_word' id='word_1_235' title='bbox 125 1826 178 1868; x_wconf 81' lang='lat' dir='ltr'>agro</span> <span class='ocrx_word' id='word_1_236' title='bbox 198 1811 392 1868; x_wconf 84' lang='lat' dir='ltr'>Hierosolymitano</span> <span class='ocrx_word' id='word_1_237' title='bbox 415 1811 534 1868; x_wconf 80' lang='lat' dir='ltr'>sepulcrum</span> <span class='ocrx_word' id='word_1_238' title='bbox 557 1812 647 1855; x_wconf 87' lang='lat' dir='ltr'>babebat</span> <span class='ocrx_word' id='word_1_239' title='bbox 671 1811 711 1871; x_wconf 80' lang='lat' dir='ltr'>(Lo</span> <span class='ocrx_word' id='word_1_240' title='bbox 732 1816 765 1864; x_wconf 73' lang='lat'>23,</span> <span class='ocrx_word' id='word_1_241' title='bbox 786 1810 894 1869; x_wconf 64' lang='lat' dir='ltr'>[ao—53),</span> <span class='ocrx_word' id='word_1_242' title='bbox 916 1813 942 1854; x_wconf 86' lang='grc' dir='ltr'>ιιι</span> <span class='ocrx_word' id='word_1_243' title='bbox 963 1826 1026 1868; x_wconf 78' lang='lat' dir='ltr'>ager,</span> 
     </span>
     <span class='ocr_line' id='line_1_25' title="bbox 125 1879 1017 1941; baseline 0 -15"><span class='ocrx_word' id='word_1_244' title='bbox 125 1879 276 1941; x_wconf 79' lang='lat' dir='ltr'>qnem&#39;venire</span> <span class='ocrx_word' id='word_1_245' title='bbox 293 1885 327 1928; x_wconf 84' lang='lat' dir='ltr'>lex</span> <span class='ocrx_word' id='word_1_246' title='bbox 342 1885 434 1928; x_wconf 84' lang='lat' dir='ltr'>iubilaea</span> <span class='ocrx_word' id='word_1_247' title='bbox 450 1885 537 1933; x_wconf 80' lang='lat' dir='ltr'>vetabat,</span> <span class='ocrx_word' id='word_1_248' title='bbox 558 1884 621 1928; x_wconf 85' lang='lat' dir='ltr'>alieni</span> <span class='ocrx_word' id='word_1_249' title='bbox 635 1884 721 1927; x_wconf 84' lang='lat' dir='ltr'>domiui</span> <span class='ocrx_word' id='word_1_250' title='bbox 732 1888 789 1935; x_wconf 78' lang='lat' dir='ltr'>esset,</span> <span class='ocrx_word' id='word_1_251' title='bbox 802 1898 873 1941; x_wconf 82' lang='lat' dir='ltr'>neque</span> <span class='ocrx_word' id='word_1_252' title='bbox 884 1884 941 1927; x_wconf 83' lang='lat' dir='ltr'>nllus</span> <span class='ocrx_word' id='word_1_253' title='bbox 954 1899 1017 1927; x_wconf 80' lang='lat' dir='ltr'>eran·</span> 
     </span>
     <span class='ocr_line' id='line_1_26' title="bbox 125 1956 1024 2015; baseline 0.001 -16"><span class='ocrx_word' id='word_1_254' title='bbox 125 1957 229 2014; x_wconf 80' lang='lat' dir='ltr'>geliorum</span> <span class='ocrx_word' id='word_1_255' title='bbox 249 1957 342 2014; x_wconf 80' lang='lat' dir='ltr'>scriptor</span> <span class='ocrx_word' id='word_1_256' title='bbox 361 1958 492 2001; x_wconf 83' lang='lat' dir='ltr'>mentionem</span> <span class='ocrx_word' id='word_1_257' title='bbox 511 1958 559 2001; x_wconf 89' lang='lat' dir='ltr'>eius</span> <span class='ocrx_word' id='word_1_258' title='bbox 580 1957 631 2014; x_wconf 75' lang='lat' dir='ltr'>legis</span> <span class='ocrx_word' id='word_1_259' title='bbox 650 1957 746 2001; x_wconf 84' lang='lat' dir='ltr'>violatae</span> <span class='ocrx_word' id='word_1_260' title='bbox 760 1956 817 2001; x_wconf 79' lang='lat' dir='ltr'>tecit.</span> <span class='ocrx_word' id='word_1_261' title='bbox 851 1958 868 1999; x_wconf 77' lang='lat' dir='ltr'><strong>A</strong></span> <span class='ocrx_word' id='word_1_262' title='bbox 885 1972 934 2000; x_wconf 75' lang='lat' dir='ltr'>reno</span> <span class='ocrx_word' id='word_1_263' title='bbox 952 1957 1024 2015; x_wconf 77' lang='lat' dir='ltr'>igitur·</span> 
     </span>
     <span class='ocr_line' id='line_1_27' title="bbox 126 2030 758 2088; baseline 0 -15"><span class='ocrx_word' id='word_1_264' title='bbox 126 2030 228 2074; x_wconf 85' lang='lat' dir='ltr'>absonum</span> <span class='ocrx_word' id='word_1_265' title='bbox 245 2046 294 2074; x_wconf 85' lang='lat' dir='ltr'>non</span> <span class='ocrx_word' id='word_1_266' title='bbox 310 2034 345 2084; x_wconf 85' lang='lat' dir='ltr'>est,</span> <span class='ocrx_word' id='word_1_267' title='bbox 361 2046 408 2074; x_wconf 83' lang='lat' dir='ltr'>eam</span> <span class='ocrx_word' id='word_1_268' title='bbox 425 2031 492 2088; x_wconf 79' lang='lat' dir='ltr'>legem</span> <span class='ocrx_word' id='word_1_269' title='bbox 507 2032 615 2075; x_wconf 79' lang='lat' dir='ltr'>servatam</span> <span class='ocrx_word' id='word_1_270' title='bbox 629 2046 676 2074; x_wconf 86' lang='lat' dir='ltr'>non</span> <span class='ocrx_word' id='word_1_271' title='bbox 694 2035 758 2077; x_wconf 78' lang='lat' dir='ltr'>esse2.</span> 
     </span>
    </p>
   </div>
   <div class='ocr_carea' id='block_1_3' title="bbox 126 2131 1026 2417">
    <p class='ocr_par' dir='ltr' id='par_1_3' title="bbox 126 2131 1026 2417">
     <span class='ocr_line' id='line_1_28' title="bbox 190 2131 1024 2183; baseline -0.001 -11"><span class='ocrx_word' id='word_1_272' title='bbox 190 2132 308 2172; x_wconf 79' lang='lat' dir='ltr'>1Nonnulli</span> <span class='ocrx_word' id='word_1_273' title='bbox 324 2133 430 2183; x_wconf 81' lang='lat' dir='ltr'>praccepta</span> <span class='ocrx_word' id='word_1_274' title='bbox 445 2131 469 2172; x_wconf 88' lang='lat' dir='ltr'>de</span> <span class='ocrx_word' id='word_1_275' title='bbox 484 2144 534 2171; x_wconf 81' lang='lat' dir='ltr'>anno</span> <span class='ocrx_word' id='word_1_276' title='bbox 553 2132 638 2173; x_wconf 87' lang='lat' dir='ltr'>iubilaeo</span> <span class='ocrx_word' id='word_1_277' title='bbox 655 2132 763 2172; x_wconf 81' lang='lat' dir='ltr'>observata</span> <span class='ocrx_word' id='word_1_278' title='bbox 778 2145 823 2172; x_wconf 87' lang='lat' dir='ltr'>non</span> <span class='ocrx_word' id='word_1_279' title='bbox 840 2145 881 2171; x_wconf 87' lang='lat' dir='ltr'>csse</span> <span class='ocrx_word' id='word_1_280' title='bbox 896 2145 918 2171; x_wconf 83' lang='lat' dir='ltr'>ex</span> <span class='ocrx_word' id='word_1_281' title='bbox 936 2133 1008 2173; x_wconf 68' lang='lat' dir='ltr'>Jersse</span> <span class='ocrx_word' id='word_1_282' title='bbox 1022 2168 1024 2171; x_wconf 88' lang='lat'>.</span> 
     </span>
     <span class='ocr_line' id='line_1_29' title="bbox 128 2193 1018 2245; baseline 0.001 -13"><span class='ocrx_word' id='word_1_283' title='bbox 128 2198 199 2235; x_wconf 78' lang='lat'><strong>8—22</strong></span> <span class='ocrx_word' id='word_1_284' title='bbox 216 2193 288 2245; x_wconf 82' lang='lat' dir='ltr'>colligi</span> <span class='ocrx_word' id='word_1_285' title='bbox 304 2205 360 2244; x_wconf 87' lang='lat' dir='ltr'>posse</span> <span class='ocrx_word' id='word_1_286' title='bbox 373 2193 520 2233; x_wconf 76' lang='lat' dir='ltr'>existimarunt.</span> <span class='ocrx_word' id='word_1_287' title='bbox 507 2194 573 2232; x_wconf 84' lang='lat' dir='ltr'>tAt</span> <span class='ocrx_word' id='word_1_288' title='bbox 589 2207 637 2244; x_wconf 88' lang='lat' dir='ltr'>quac</span> <span class='ocrx_word' id='word_1_289' title='bbox 653 2193 685 2232; x_wconf 91' lang='lat' dir='ltr'>ibi</span> <span class='ocrx_word' id='word_1_290' title='bbox 701 2194 804 2245; x_wconf 84' lang='lat' dir='ltr'>leguntur,</span> <span class='ocrx_word' id='word_1_291' title='bbox 824 2193 849 2232; x_wconf 85' lang='lat' dir='ltr'>ad</span> <span class='ocrx_word' id='word_1_292' title='bbox 864 2194 928 2245; x_wconf 85' lang='lat' dir='ltr'>legem</span> <span class='ocrx_word' id='word_1_293' title='bbox 944 2193 972 2232; x_wconf 83' lang='lat' dir='ltr'>Er</span> <span class='ocrx_word' id='word_1_294' title='bbox 985 2199 1018 2241; x_wconf 78' lang='grc'>21,</span> 
     </span>
     <span class='ocr_line' id='line_1_30' title="bbox 128 2253 1026 2305; baseline -0.001 -10.965"><span class='ocrx_word' id='word_1_295' title='bbox 128 2255 218 2295; x_wconf 65' lang='lat' dir='ltr'>oleru</span> <span class='ocrx_word' id='word_1_296' title='bbox 236 2261 270 2302; x_wconf 88' lang='lat'>15,</span> <span class='ocrx_word' id='word_1_297' title='bbox 291 2260 316 2296; x_wconf 78' lang='lat'>12</span> <span class='ocrx_word' id='word_1_298' title='bbox 333 2254 437 2294; x_wconf 81' lang='lat' dir='ltr'>deservis</span> <span class='ocrx_word' id='word_1_299' title='bbox 454 2266 503 2294; x_wconf 86' lang='lat' dir='ltr'>anno</span> <span class='ocrx_word' id='word_1_300' title='bbox 519 2254 685 2305; x_wconf 83' lang='lat' dir='ltr'>septimonianu</span> <span class='ocrx_word' id='word_1_301' title='bbox 702 2254 807 2293; x_wconf 88' lang='lat' dir='ltr'>mittendis</span> <span class='ocrx_word' id='word_1_302' title='bbox 825 2255 919 2305; x_wconf 80' lang='lat' dir='ltr'>spectant.</span> <span class='ocrx_word' id='word_1_303' title='bbox 949 2253 1026 2304; x_wconf 38' lang='lat' dir='ltr'>Neque*</span> 
     </span>
     <span class='ocr_line' id='line_1_31' title="bbox 126 2314 1018 2367; baseline 0 -13"><span class='ocrx_word' id='word_1_304' title='bbox 126 2314 162 2355; x_wconf 84' lang='lat' dir='ltr'>Jes</span> <span class='ocrx_word' id='word_1_305' title='bbox 180 2321 254 2365; x_wconf 59' lang='lat'>37,130</span> <span class='ocrx_word' id='word_1_306' title='bbox 275 2315 300 2354; x_wconf 88' lang='lat' dir='ltr'>de</span> <span class='ocrx_word' id='word_1_307' title='bbox 316 2328 365 2355; x_wconf 85' lang='lat' dir='ltr'>anno</span> <span class='ocrx_word' id='word_1_308' title='bbox 380 2315 471 2355; x_wconf 83' lang='lat' dir='ltr'>iubilaeo</span> <span class='ocrx_word' id='word_1_309' title='bbox 486 2314 572 2366; x_wconf 81' lang='lat' dir='ltr'>cogitari</span> <span class='ocrx_word' id='word_1_310' title='bbox 587 2316 659 2367; x_wconf 79' lang='lat' dir='ltr'>potest,</span> <span class='ocrx_word' id='word_1_311' title='bbox 678 2325 727 2353; x_wconf 85' lang='lat' dir='ltr'>nam</span> <span class='ocrx_word' id='word_1_312' title='bbox 742 2315 837 2355; x_wconf 74' lang='lat' dir='ltr'>hostibus</span> <span class='ocrx_word' id='word_1_313' title='bbox 854 2315 923 2355; x_wconf 85' lang='lat' dir='ltr'>urbem</span> <span class='ocrx_word' id='word_1_314' title='bbox 939 2317 961 2354; x_wconf 91' lang='lat' dir='ltr'>ct</span> <span class='ocrx_word' id='word_1_315' title='bbox 972 2315 1018 2354; x_wconf 85' lang='lat' dir='ltr'>uni-</span> 
     </span>
     <span class='ocr_line' id='line_1_32' title="bbox 126 2375 1018 2417; baseline 0.001 -1"><span class='ocrx_word' id='word_1_316' title='bbox 126 2389 204 2417; x_wconf 80' lang='lat' dir='ltr'>versam</span> <span class='ocrx_word' id='word_1_317' title='bbox 218 2378 296 2415; x_wconf 85' lang='lat' dir='ltr'>terram</span> <span class='ocrx_word' id='word_1_318' title='bbox 312 2376 441 2416; x_wconf 83' lang='lat' dir='ltr'>vastantibus</span> <span class='ocrx_word' id='word_1_319' title='bbox 457 2376 480 2415; x_wconf 88' lang='lat' dir='ltr'>ad</span> <span class='ocrx_word' id='word_1_320' title='bbox 496 2375 637 2416; x_wconf 82' lang='lat' dir='ltr'>celebrandum</span> <span class='ocrx_word' id='word_1_321' title='bbox 654 2389 704 2416; x_wconf 91' lang='lat' dir='ltr'>eum</span> <span class='ocrx_word' id='word_1_322' title='bbox 723 2388 797 2415; x_wconf 87' lang='lat' dir='ltr'>annum</span> <span class='ocrx_word' id='word_1_323' title='bbox 814 2388 873 2415; x_wconf 87' lang='lat' dir='ltr'>nemo</span> <span class='ocrx_word' id='word_1_324' title='bbox 890 2389 910 2415; x_wconf 93' lang='lat' dir='ltr'>se</span> <span class='ocrx_word' id='word_1_325' title='bbox 927 2376 1018 2417; x_wconf 80' lang='lat' dir='ltr'>accinxit.</span> 
     </span>
    </p>
   </div>
   <div class='ocr_carea' id='block_1_4' title="bbox 126 2473 1019 2646">
    <p class='ocr_par' dir='ltr' id='par_1_4' title="bbox 126 2473 1019 2646">
     <span class='ocr_line' id='line_1_33' title="bbox 190 2473 1019 2525; baseline -0.002 -12"><span class='ocrx_word' id='word_1_326' title='bbox 190 2473 270 2521; x_wconf 72' lang='grc' dir='ltr'>2(ιιιιιι</span> <span class='ocrx_word' id='word_1_327' title='bbox 291 2474 344 2524; x_wconf 67' lang='lat' dir='ltr'>aliud</span> <span class='ocrx_word' id='word_1_328' title='bbox 359 2473 472 2524; x_wconf 83' lang='lat' dir='ltr'>Josephum</span> <span class='ocrx_word' id='word_1_329' title='bbox 492 2475 511 2514; x_wconf 90' lang='lat' dir='ltr'>et</span> <span class='ocrx_word' id='word_1_330' title='bbox 527 2473 633 2513; x_wconf 85' lang='lat' dir='ltr'>Philonem</span> <span class='ocrx_word' id='word_1_331' title='bbox 656 2474 683 2513; x_wconf 83' lang='lat' dir='ltr'>de</span> <span class='ocrx_word' id='word_1_332' title='bbox 699 2485 750 2513; x_wconf 89' lang='lat' dir='ltr'>anno</span> <span class='ocrx_word' id='word_1_333' title='bbox 765 2474 855 2513; x_wconf 88' lang='lat' dir='ltr'>inbilaeo</span> <span class='ocrx_word' id='word_1_334' title='bbox 871 2474 975 2525; x_wconf 76' lang='lat' dir='ltr'>leguntur,</span> <span class='ocrx_word' id='word_1_335' title='bbox 992 2473 1019 2512; x_wconf 86' lang='lat' dir='ltr'>ita</span> 
     </span>
     <span class='ocr_line' id='line_1_34' title="bbox 128 2534 1019 2587; baseline 0 -14"><span class='ocrx_word' id='word_1_336' title='bbox 128 2536 202 2587; x_wconf 81' lang='lat' dir='ltr'>scripta</span> <span class='ocrx_word' id='word_1_337' title='bbox 217 2539 275 2582; x_wconf 87' lang='lat' dir='ltr'>sunt,</span> <span class='ocrx_word' id='word_1_338' title='bbox 292 2536 316 2574; x_wconf 88' lang='lat' dir='ltr'>ut</span> <span class='ocrx_word' id='word_1_339' title='bbox 331 2535 389 2574; x_wconf 85' lang='lat' dir='ltr'>llosis</span> <span class='ocrx_word' id='word_1_340' title='bbox 408 2534 511 2574; x_wconf 88' lang='lat' dir='ltr'>consilium</span> <span class='ocrx_word' id='word_1_341' title='bbox 523 2536 607 2575; x_wconf 85' lang='lat' dir='ltr'>tantum</span> <span class='ocrx_word' id='word_1_342' title='bbox 617 2534 698 2574; x_wconf 83' lang='lat' dir='ltr'>laudari</span> <span class='ocrx_word' id='word_1_343' title='bbox 709 2537 813 2586; x_wconf 43' lang='lat' dir='ltr'>aisperde&amp;</span> <span class='ocrx_word' id='word_1_344' title='bbox 827 2534 861 2573; x_wconf 86' lang='lat' dir='ltr'>sed</span> <span class='ocrx_word' id='word_1_345' title='bbox 872 2535 945 2573; x_wconf 72' lang='lat' dir='ltr'>neuter</span> <span class='ocrx_word' id='word_1_346' title='bbox 956 2534 1019 2573; x_wconf 79' lang='lat' dir='ltr'>tradit</span> 
     </span>
     <span class='ocr_line' id='line_1_35' title="bbox 126 2595 658 2646; baseline -0.002 -12"><span class='ocrx_word' id='word_1_347' title='bbox 126 2595 194 2646; x_wconf 82' lang='lat' dir='ltr'>ipsum</span> <span class='ocrx_word' id='word_1_348' title='bbox 210 2597 253 2636; x_wconf 83' lang='lat' dir='ltr'>eius</span> <span class='ocrx_word' id='word_1_349' title='bbox 271 2595 326 2635; x_wconf 85' lang='lat' dir='ltr'>modi</span> <span class='ocrx_word' id='word_1_350' title='bbox 342 2609 419 2635; x_wconf 86' lang='lat' dir='ltr'>annum</span> <span class='ocrx_word' id='word_1_351' title='bbox 436 2596 564 2635; x_wconf 82' lang='lat' dir='ltr'>observatum</span> <span class='ocrx_word' id='word_1_352' title='bbox 580 2595 658 2636; x_wconf 78' lang='lat' dir='ltr'>vidisse,</span> 
     </span>
    </p>
   </div>
   <div class='ocr_carea' id='block_1_5' title="bbox 127 2704 1027 3183">
    <p class='ocr_par' dir='ltr' id='par_1_5' title="bbox 127 2704 1027 3183">
     <span class='ocr_line' id='line_1_36' title="bbox 189 2704 1019 2756; baseline 0 -11"><span class='ocrx_word' id='word_1_353' title='bbox 189 2705 303 2745; x_wconf 78' lang='lat' dir='ltr'>Adnctctio.</span> <span class='ocrx_word' id='word_1_354' title='bbox 320 2728 348 2733; x_wconf 83' lang='lat'>—</span> <span class='ocrx_word' id='word_1_355' title='bbox 361 2706 400 2745; x_wconf 80' lang='lat' dir='ltr'>use</span> <span class='ocrx_word' id='word_1_356' title='bbox 418 2704 505 2745; x_wconf 79' lang='lat' dir='ltr'>virorum</span> <span class='ocrx_word' id='word_1_357' title='bbox 527 2706 655 2756; x_wconf 86' lang='lat' dir='ltr'>quorundam</span> <span class='ocrx_word' id='word_1_358' title='bbox 678 2706 779 2745; x_wconf 86' lang='lat' dir='ltr'>doctorum</span> <span class='ocrx_word' id='word_1_359' title='bbox 801 2705 901 2744; x_wconf 82' lang='lat' dir='ltr'>sententio</span> <span class='ocrx_word' id='word_1_360' title='bbox 916 2704 1019 2745; x_wconf 83' lang='lat' dir='ltr'>Hebraeos</span> 
     </span>
     <span class='ocr_line' id='line_1_37' title="bbox 128 2765 1020 2818; baseline 0.001 -13"><span class='ocrx_word' id='word_1_361' title='bbox 128 2779 152 2805; x_wconf 83' lang='lat' dir='ltr'>er</span> <span class='ocrx_word' id='word_1_362' title='bbox 168 2767 223 2806; x_wconf 85' lang='lat' dir='ltr'>annis</span> <span class='ocrx_word' id='word_1_363' title='bbox 238 2765 334 2806; x_wconf 82' lang='lat' dir='ltr'>iubilaeis</span> <span class='ocrx_word' id='word_1_364' title='bbox 348 2769 465 2817; x_wconf 80' lang='lat' dir='ltr'>temporum</span> <span class='ocrx_word' id='word_1_365' title='bbox 480 2766 633 2818; x_wconf 77' lang='lat' dir='ltr'>descriptionem</span> <span class='ocrx_word' id='word_1_366' title='bbox 649 2767 769 2807; x_wconf 84' lang='lat' dir='ltr'>instituisse.</span> <span class='ocrx_word' id='word_1_367' title='bbox 804 2766 842 2806; x_wconf 86' lang='lat' dir='ltr'>Sed</span> <span class='ocrx_word' id='word_1_368' title='bbox 858 2766 913 2804; x_wconf 86' lang='lat' dir='ltr'>nulla</span> <span class='ocrx_word' id='word_1_369' title='bbox 931 2765 976 2805; x_wconf 88' lang='lat' dir='ltr'>eius</span> <span class='ocrx_word' id='word_1_370' title='bbox 991 2768 1020 2806; x_wconf 88' lang='lat' dir='ltr'>rei</span> 
     </span>
     <span class='ocr_line' id='line_1_38' title="bbox 128 2826 1020 2880; baseline 0 -14"><span class='ocrx_word' id='word_1_371' title='bbox 128 2830 236 2879; x_wconf 84' lang='lat' dir='ltr'>supersunt</span> <span class='ocrx_word' id='word_1_372' title='bbox 252 2826 334 2867; x_wconf 85' lang='lat' dir='ltr'>indicia.</span> <span class='ocrx_word' id='word_1_373' title='bbox 359 2827 453 2866; x_wconf 85' lang='lat' dir='ltr'>Primum</span> <span class='ocrx_word' id='word_1_374' title='bbox 468 2827 561 2867; x_wconf 87' lang='lat' dir='ltr'>indicum</span> <span class='ocrx_word' id='word_1_375' title='bbox 578 2830 598 2867; x_wconf 89' lang='lat' dir='ltr'>et</span> <span class='ocrx_word' id='word_1_376' title='bbox 614 2841 686 2880; x_wconf 80' lang='lat' dir='ltr'>regum</span> <span class='ocrx_word' id='word_1_377' title='bbox 704 2827 820 2867; x_wconf 83' lang='lat' dir='ltr'>nominibus</span> <span class='ocrx_word' id='word_1_378' title='bbox 837 2826 921 2865; x_wconf 83' lang='lat' dir='ltr'>Hebraei</span> <span class='ocrx_word' id='word_1_379' title='bbox 940 2827 1020 2878; x_wconf 81' lang='lat' dir='ltr'>tempus</span> 
     </span>
     <span class='ocr_line' id='line_1_39' title="bbox 128 2887 1027 2939; baseline 0 -11"><span class='ocrx_word' id='word_1_380' title='bbox 128 2888 279 2935; x_wconf 76' lang='lat' dir='ltr'>describebant3</span> <span class='ocrx_word' id='word_1_381' title='bbox 297 2890 363 2939; x_wconf 81' lang='lat' dir='ltr'>poste-i</span> <span class='ocrx_word' id='word_1_382' title='bbox 378 2894 427 2928; x_wconf 82' lang='lat' dir='ltr'>aera</span> <span class='ocrx_word' id='word_1_383' title='bbox 443 2888 599 2937; x_wconf 81' lang='lat' dir='ltr'>Seleucidarum,</span> <span class='ocrx_word' id='word_1_384' title='bbox 615 2901 665 2938; x_wconf 82' lang='lat' dir='ltr'>qnae</span> <span class='ocrx_word' id='word_1_385' title='bbox 683 2888 708 2927; x_wconf 83' lang='lat' dir='ltr'>ab</span> <span class='ocrx_word' id='word_1_386' title='bbox 724 2890 822 2928; x_wconf 86' lang='lat' dir='ltr'>autumno</span> <span class='ocrx_word' id='word_1_387' title='bbox 839 2887 884 2926; x_wconf 84' lang='lat' dir='ltr'>anni</span> <span class='ocrx_word' id='word_1_388' title='bbox 897 2893 941 2929; x_wconf 72' lang='lat'>313</span> <span class='ocrx_word' id='word_1_389' title='bbox 960 2901 976 2928; x_wconf 79' lang='lat' dir='ltr'>a.</span> <span class='ocrx_word' id='word_1_390' title='bbox 988 2888 1027 2929; x_wconf 79' lang='lat' dir='ltr'>Ch..</span> 
     </span>
     <span class='ocr_line' id='line_1_40' title="bbox 128 2948 1019 3001; baseline 0.003 -14"><span class='ocrx_word' id='word_1_391' title='bbox 128 2962 149 2990; x_wconf 90' lang='lat' dir='ltr'>n</span> <span class='ocrx_word' id='word_1_392' title='bbox 164 2950 243 2989; x_wconf 86' lang='lat' dir='ltr'>initium</span> <span class='ocrx_word' id='word_1_393' title='bbox 261 2949 350 3001; x_wconf 62' lang='lat' dir='ltr'>cerritu</span> <span class='ocrx_word' id='word_1_394' title='bbox 337 2949 458 2995; x_wconf 82' lang='lat' dir='ltr'>utebantur,</span> <span class='ocrx_word' id='word_1_395' title='bbox 474 2949 523 2989; x_wconf 85' lang='lat' dir='ltr'>alios</span> <span class='ocrx_word' id='word_1_396' title='bbox 540 2950 636 3001; x_wconf 87' lang='lat' dir='ltr'>temporis</span> <span class='ocrx_word' id='word_1_397' title='bbox 652 2949 771 2988; x_wconf 87' lang='lat' dir='ltr'>numerandi</span> <span class='ocrx_word' id='word_1_398' title='bbox 787 2948 859 2988; x_wconf 86' lang='lat' dir='ltr'>modos</span> <span class='ocrx_word' id='word_1_399' title='bbox 875 2948 927 2987; x_wconf 78' lang='lat' dir='ltr'>infra</span> <span class='ocrx_word' id='word_1_400' title='bbox 944 2962 1019 2990; x_wconf 88' lang='lat' dir='ltr'>memo·</span> 
     </span>
     <span class='ocr_line' id='line_1_41' title="bbox 127 3009 1020 3061; baseline 0 -12"><span class='ocrx_word' id='word_1_401' title='bbox 127 3021 204 3051; x_wconf 83' lang='lat' dir='ltr'>ramus</span> <span class='ocrx_word' id='word_1_402' title='bbox 231 3011 263 3050; x_wconf 83' lang='lat' dir='ltr'>Ex</span> <span class='ocrx_word' id='word_1_403' title='bbox 280 3009 337 3050; x_wconf 89' lang='lat' dir='ltr'>annis</span> <span class='ocrx_word' id='word_1_404' title='bbox 352 3023 400 3050; x_wconf 86' lang='lat' dir='ltr'>vero</span> <span class='ocrx_word' id='word_1_405' title='bbox 418 3010 509 3050; x_wconf 87' lang='lat' dir='ltr'>iubilaeis</span> <span class='ocrx_word' id='word_1_406' title='bbox 526 3024 638 3061; x_wconf 82' lang='lat' dir='ltr'>numquam</span> <span class='ocrx_word' id='word_1_407' title='bbox 654 3013 737 3058; x_wconf 85' lang='lat' dir='ltr'>tempus</span> <span class='ocrx_word' id='word_1_408' title='bbox 753 3009 879 3048; x_wconf 82' lang='lat' dir='ltr'>describitur.</span> <span class='ocrx_word' id='word_1_409' title='bbox 911 3009 976 3049; x_wconf 79' lang='lat' dir='ltr'>Cuius</span> <span class='ocrx_word' id='word_1_410' title='bbox 992 3011 1020 3050; x_wconf 84' lang='lat' dir='ltr'>rei</span> 
     </span>
     <span class='ocr_line' id='line_1_42' title="bbox 129 3070 1025 3122; baseline 0 -12"><span class='ocrx_word' id='word_1_411' title='bbox 129 3083 188 3111; x_wconf 85' lang='lat' dir='ltr'>causa</span> <span class='ocrx_word' id='word_1_412' title='bbox 203 3071 267 3111; x_wconf 85' lang='lat' dir='ltr'>fuisse</span> <span class='ocrx_word' id='word_1_413' title='bbox 284 3071 365 3120; x_wconf 84' lang='lat' dir='ltr'>videtur,</span> <span class='ocrx_word' id='word_1_414' title='bbox 382 3074 405 3111; x_wconf 86' lang='lat' dir='ltr'>ct</span> <span class='ocrx_word' id='word_1_415' title='bbox 421 3071 475 3122; x_wconf 85' lang='lat' dir='ltr'>quod</span> <span class='ocrx_word' id='word_1_416' title='bbox 490 3085 557 3112; x_wconf 84' lang='lat' dir='ltr'>annus</span> <span class='ocrx_word' id='word_1_417' title='bbox 574 3071 672 3111; x_wconf 82' lang='lat' dir='ltr'>iubilaeus</span> <span class='ocrx_word' id='word_1_418' title='bbox 690 3071 756 3109; x_wconf 89' lang='lat' dir='ltr'>minus</span> <span class='ocrx_word' id='word_1_419' title='bbox 771 3071 829 3109; x_wconf 83' lang='lat' dir='ltr'>iusto</span> <span class='ocrx_word' id='word_1_420' title='bbox 846 3070 914 3111; x_wconf 87' lang='lat' dir='ltr'>ordine</span> <span class='ocrx_word' id='word_1_421' title='bbox 933 3072 1025 3111; x_wconf 52' lang='lat' dir='ltr'>celebra-1</span> 
     </span>
     <span class='ocr_line' id='line_1_43' title="bbox 128 3127 1021 3183; baseline 0.002 -13"><span class='ocrx_word' id='word_1_422' title='bbox 128 3131 189 3172; x_wconf 84' lang='lat' dir='ltr'>batur</span> <span class='ocrx_word' id='word_1_423' title='bbox 204 3134 223 3172; x_wconf 88' lang='lat' dir='ltr'>et</span> <span class='ocrx_word' id='word_1_424' title='bbox 240 3132 298 3183; x_wconf 86' lang='lat' dir='ltr'>quod</span> <span class='ocrx_word' id='word_1_425' title='bbox 313 3131 355 3172; x_wconf 89' lang='lat' dir='ltr'>eius</span> <span class='ocrx_word' id='word_1_426' title='bbox 371 3132 430 3172; x_wconf 88' lang='lat' dir='ltr'>modi</span> <span class='ocrx_word' id='word_1_427' title='bbox 445 3132 538 3172; x_wconf 80' lang='lat' dir='ltr'>univorsa</span> <span class='ocrx_word' id='word_1_428' title='bbox 560 3134 673 3183; x_wconf 83' lang='lat' dir='ltr'>temporum</span> <span class='ocrx_word' id='word_1_429' title='bbox 695 3130 745 3170; x_wconf 86' lang='lat' dir='ltr'>ratio</span> <span class='ocrx_word' id='word_1_430' title='bbox 765 3127 858 3181; x_wconf 86' lang='lat' dir='ltr'>antiquis</span> <span class='ocrx_word' id='word_1_431' title='bbox 878 3132 961 3183; x_wconf 84' lang='lat' dir='ltr'>populis</span> <span class='ocrx_word' id='word_1_432' title='bbox 981 3146 1021 3173; x_wconf 88' lang='lat' dir='ltr'>nou</span> 
     </span>
    </p>
   </div>
   <div class='ocr_carea' id='block_1_6' title="bbox 0 0 1089 3361">
    <p class='ocr_par' dir='ltr' id='par_1_6' title="bbox 0 0 1089 3361">
     <span class='ocr_line' id='line_1_44' title="bbox 0 0 1089 3361; baseline 0 0"><span class='ocrx_word' id='word_1_433' title='bbox 0 0 1089 3361; x_wconf 95' lang='lat' dir='ltr'> </span> 
     </span>
    </p>
   </div>
  </div>
 </body>
</html>
