2218 3388
161 121 204 166 250
458 118 503 156 Pare
515 118 529 159 1,
552 117 682 163 Antiquitates
696 129 760 155 sacrae

163 245 217 285 Licet
232 245 254 284 in
271 244 459 296 lingua'Hebraica
475 248 552 297 praeter
569 246 649 285 nomina
664 245 750 298 propria
770 245 824 285 nulla
841 244 884 284 sere
905 245 980 284 exstent
997 258 1060 286 voca·u

161 306 256 346 bulorum
274 319 298 346 ex
314 307 391 346 duobus
412 307 434 346 in
450 319 511 346 unum
534 307 690 357 compositorum
715 306 807 358 exempla,
828 305 916 345 fuerunt
934 307 1004 346 tamen
1022 308 1058 357 qui

162 355 201 401 52l'
217 381 240 407 ex
256 367 371 408 nominibus
388 368 423 407 dei
439 368 478 412 dib!
493 370 512 407 et
528 355 556 405 5³3
574 368 678 407 conflatum
697 380 742 408 esse
762 366 900 419 opinarentur.
930 367 970 406 Alii
987 369 1056 408 autem

163 416 202 462 ¹727*
217 422 410 480 quinquagesimum
432 441 537 468 numerum
561 428 671 480 significare
693 428 826 477 crediderunt,
845 428 907 479 quod,
924 428 957 478 qui
977 441 1057 468 morem

162 490 283 530 Hebraicum
306 502 399 529 numeros
425 490 523 530 scribendi
545 492 610 537 novit,
633 489 744 530 absurdum
769 500 810 528 esse
833 489 946 540 intelleget.
978 490 1061 529 Rursus

162 551 197 590 alii
214 540 253 584 ¹72?
272 565 284 590 a
301 536 351 588 'v'ssi'l
366 550 457 590 derivari
473 549 548 598 dieunt,
567 551 621 602 quod
637 550 689 590 idem
708 550 735 589 sit
751 551 809 600 atque
826 550 925 590 Graecum
940 547 1029 604 ἐπάγειν,
1046 565 1059 590 a

162 625 201 663 quo
217 625 292 652 nomen
308 615 384 662 cpicclae
399 611 516 653 deducatur.
549 612 603 651 Hinc
618 624 692 651 annum
710 611 819 652 iubilaeum
835 611 974 651 intercalarem
991 611 1059 652 fuisse

163 673 292 713 concludunt.
318 672 358 712 Nec
374 672 464 712 reiciunt
480 673 540 712 liuius
559 672 657 723 opinionis
673 673 768 712 auctores
783 672 888 712 notionem
904 673 1016 723 ramicum,
1034 673 1061 712 de

163 747 202 784 qua
217 747 281 785 supra
293 733 383 782 diximus,
402 733 451 783 quia
468 747 517 774 anno
533 734 622 773 iubilaec
638 733 685 772 anni
703 733 726 772 in
742 746 799 773 suurn
815 733 908 774 ordinem
924 733 1057 774 reducuntur.

163 796 194 834 Ita
210 798 279 835 autem
295 795 360 834 verbis
377 795 408 835 vis
425 794 516 843 infertur,
533 807 576 834 non
593 807 658 834 eorum
675 794 708 833 vis
725 794 810 835 effertur.

215 938 273 992 ΠΙ.
295 937 369 980 Annus
389 936 495 980 iubilaeus
515 935 551 979 die
573 935 680 979 sollemnis
703 935 831 991 expiationis
854 936 869 982 i,
889 950 904 978 e.
921 935 952 979 die
974 936 1060 980 decimo

164 1011 242 1054 mensis
258 1009 346 1066 septimi
360 1025 372 1051 a
388 1009 533 1052 sacerdotibus
551 1009 651 1065 clangore
667 1023 774 1052 cornuum
788 1023 825 1065 per
836 1011 908 1053 totam
918 1012 997 1053 terram
1009 1024 1061 1066 pro-

164 1083 308 1140 mulgabatur.
338 1082 367 1126 Eo
392 1097 452 1126 anno
472 1084 556 1138 praeter
578 1096 607 1133 ea,
624 1096 675 1139 quae
693 1097 752 1125 anno
769 1081 879 1125 sabbatico
895 1082 919 1125 in
932 1098 972 1125 usu
988 1086 1059 1135 erant,

164 1155 228 1213 etiam
251 1170 326 1198 omnes
348 1155 394 1212 agri
419 1157 441 1197 et
462 1155 535 1198 domus
557 1169 661 1212 pagorum
684 1155 780 1217 (urbium
795 1170 883 1213 quoque
898 1155 1022 1199 levitarum
1038 1160 1062 1200 et,

164 1229 307 1288 sacerdotum)
318 1232 330 1279 ¹,
346 1228 454 1285 prioribus
466 1229 526 1272 annis
540 1228 645 1281 venditae,
656 1229 752 1285 exceptis
762 1228 793 1280 iiS,
804 1243 860 1286 quae
871 1228 886 1272 J
887 1228 951 1273 alivae
961 1234 1058 1273 sacratae

164 1316 231 1359 neque
247 1305 299 1345 ante
315 1316 395 1345 annum
412 1300 529 1345 iubilaeum
545 1301 665 1358 redemptae
682 1305 751 1354 erant,
763 1301 788 1344 ad
800 1301 906 1358 pristinos
916 1317 963 1345 suos
973 1317 1062 1359 posses>

165 1390 221 1418 sores
236 1375 285 1418 sine
301 1374 346 1417 ullo
360 1373 433 1430 pretio
449 1376 486 1417 aut
500 1374 675 1431 compensatione
692 1374 817 1426 redibant²;
835 1374 913 1418 domus
923 1390 971 1419 vero
983 1376 1009 1419 in
1021 1390 1060 1432 op-

164 1448 214 1504 pido
230 1447 343 1491 moenibus
358 1446 439 1499 cincto,
456 1450 480 1490 ut
495 1463 506 1490 a
521 1462 648 1504 possessore,
664 1448 705 1505 qui
723 1462 769 1491 eam
783 1447 915 1497 vendiderat,
929 1449 987 1492 intra
1005 1449 1059 1493 diic-

165 1521 232 1565 decim
247 1535 331 1564 menses
346 1519 425 1564 redimi
441 1522 527 1576 poterat,
545 1521 578 1564 ita
594 1536 649 1564 anno
666 1521 741 1577 elapso
757 1521 827 1564 nullus
845 1521 988 1579 redemptioni
1000 1522 1062 1565 loeus

165 1597 209 1638 erat
224 1607 265 1637 nec
278 1608 328 1651 'spes
344 1593 433 1636 domino
449 1593 541 1650 pristino
559 1596 666 1651 supererat
683 1609 744 1637 anno
759 1587 852 1638 iubilaeo
870 1610 891 1637 se
903 1595 1059 1650 possessionem

166 1685 224 1712 suam
234 1671 374 1724 recepturum.
386 1668 498 1711 Praeterea
508 1667 585 1710 omnia
596 1667 705 1723 mancipia
718 1667 805 1725 originis
813 1667 930 1711 Hebraicae
936 1667 1060 1712 libertatem

165 1741 354 1792 renascebantur,
375 1755 444 1798 quare
464 1740 526 1784 etiam
544 1755 616 1784 aureas
630 1741 735 1784 libertatis
750 1741 816 1801 (iiten
829 1740 872 1790 111ἱῖ)
888 1741 943 1784 LXX
959 1744 1007 1794 ἔπος
1023 1755 1062 1805 τῆς

166 1817 257 1876 ἀφέσεως
274 1814 303 1857 m
318 1816 404 1874 nc,17)
422 1814 542 1858 vocabatur.
565 1814 660 1872 Denique
677 1829 728 1858 eum
745 1814 850 1858 debitores
867 1829 940 1872 agrum
956 1815 1060 1858 creditori

165 1889 292 1946 plerumque
308 1887 340 1931 vel
359 1886 493 1944 hypothecae
513 1888 604 1931 nomine
624 1887 747 1945 obligarent
767 1888 798 1932 vel
820 1888 927 1931 utendum
942 1888 1062 1941 traderent,

167 1964 191 2005 ut
210 1963 240 2005 ita
263 1975 314 2019 ager
335 1959 436 2004 creditori
452 1961 509 2018 quasi
525 1961 616 2011 veniret,
632 1976 690 2005 anno
709 1963 779 2004 autem
793 1960 890 2005 iubilaeo
906 1960 996 2005 debitori
1013 1963 1060 2005 red-

167 2035 256 2090 deretur,
274 2034 338 2077 etiam
357 2034 412 2077 haec
433 2034 502 2078 debita
522 2035 689 2079 remittebantur
711 2049 750 2077 nee
769 2050 812 2079 non
833 2034 906 2078 debita
921 2051 1001 2088 eorum,
1018 2036 1062 2093 qui,

166 2123 213 2152 cum
229 2123 277 2163 non
293 2123 351 2164 pares
368 2113 440 2152 essent
456 2108 566 2161 solvendo,
582 2109 604 2151 in
621 2108 746 2152 servitutem
761 2105 843 2152 venditi
859 2109 884 2151 in
894 2108 1016 2152 libertatem
1027 2124 1060 2151 re-

167 2182 333 2225 stituebantur³¹
347 2209 376 2214 —
394 2181 426 2225 Ci-
443 2182 473 2225 Lr
489 2186 523 2238 25,
542 2186 622 2229 8-18.
639 2185 742 2233 23—553
758 2187 790 2238 27,
808 2185 906 2230 16—25.
927 2181 969 2224 Nm
988 2187 1024 2234 36,
1039 2187 1062 2231 ,4,

167 2255 209 2298 Jos.
226 2253 267 2297 Α]
284 2259 304 2306 3,
322 2259 354 2302 12.
371 2259 391 2301 3.

229 2380 303 2420 1rvam
319 2394 363 2420 oum
378 2380 460 2421 Levitae
476 2383 554 2421 nullam
571 2383 634 2421 terrae
650 2374 769 2432 promissae,
782 2384 864 2433 partem
885 2382 986 2430 haberent,
1005 2382 1061 2420 nulla

166 2442 191 2482 iis
207 2444 251 2481 erat
269 2441 326 2480 firma
340 2441 441 2493 possessio
456 2442 495 2481 nisi
510 2444 584 2482 (lomus
601 2442 621 2482 in
637 2442 678 2482 suis
690 2443 780 2491 urbibus,
792 2443 869 2495 quibus
880 2443 897 2482 si
907 2442 927 2482 in
937 2444 1061 2494 perpetuum

167 2502 247 2555 privati·
258 2505 330 2550 essent,
347 2503 392 2542 sede
410 2506 431 2542 et
447 2503 545 2544 domicilio
562 2515 644 2555 prorsus
661 2504 779 2543 caruissent.
810 2504 879 2550 tiuare
895 2504 1011 2544 Levitarum
1027 2516 1060 2542 ur-

167 2564 225 2603 bibus
240 2562 298 2603 idem
313 2563 344 2602 ius
360 2575 479 2604 eoncessum
494 2566 525 2604 est
543 2564 599 2614 quod
616 2567 729 2604 ceterorum
746 2565 802 2617 agris,

229 2687 237 2713 2
249 2688 322 2737 Neque
337 2700 383 2726 vero
402 2686 470 2726 damni
485 2687 598 2737 quidquam
613 2687 658 2726 inde
676 2686 817 2738 accipiebatur,
831 2687 882 2738 quia
893 2686 913 2725 in
924 2685 1061 2725 contractibus

168 2761 244 2801 semper
262 2747 315 2787 ratio
331 2746 377 2786 anni
398 2747 481 2787 iubilaei
501 2748 621 2791 habebam
650 2748 705 2787 Nam
727 2749 758 2787 vel
779 2760 852 2800 agrum
869 2748 900 2788 vel
916 2748 997 2787 vineam
1014 2758 1062 2785 cunr

167 2810 212 2860 quis
230 2808 335 2857 vendebat,
351 2820 372 2848 eo
389 2808 465 2847 maiore
480 2809 546 2860 pretio
564 2809 666 2857 vendebat,
685 2821 727 2860 quc
743 2809 821 2861 longius
840 2821 906 2848 annus
918 2808 1021 2847 iubilaeus
1033 2807 1062 2846 di-

168 2870 239 2918 stabat,
258 2883 281 2909 eo
298 2870 379 2917 minore,
399 2881 439 2919 quo
455 2871 517 2921 magis
534 2870 718 2921 appropinquabat.

230 2991 297 3030 ³Alia
313 2991 379 3030 debita
396 3003 438 3030 non
454 2992 615 3033 remittebantur.
637 2991 658 3030 Si
675 2992 686 3030 d
695 2991 805 3041 osephus
821 2990 860 3029 Ad
873 2995 935 3036 3,-12.
947 2996 958 3031 3
972 2991 999 3030 de
1011 3001 1061 3029 anno
1106 2988 1107 2991 ’

167 3053 255 3093 iubilaeo
273 3052 330 3091 dicit:
350 3049 370 3095 ἐν
387 3050 404 3108 ᾧ
422 3049 443 3093 oi'
456 3068 476 3095 ce
491 3060 593 3110 χρεῶσται
609 3060 644 3096 τῶν
661 3051 746 3094 δανείων
762 3049 894 3097 acclama,
914 3051 934 3090 id
955 3050 1062 3090 dumtaxat

168 3113 192 3152 de
212 3127 249 3153 sua
271 3114 335 3152 aetate
354 3115 451 3153 testatur.
471 3135 495 3142 -
511 3114 541 3152 Ex
559 3113 603 3153 Neh
621 3120 638 3161 5,
657 3118 732 3154 1—-12
749 3112 769 3151 id
788 3125 855 3152 unum
877 3112 978 3164 colligitur
997 3111 1064 3150 Nehe·

167 3174 206 3214 mia
222 3174 247 3213 ad
265 3174 398 3214 sublevandos
416 3187 512 3226 pauperes
529 3186 593 3214 novas
607 3174 690 3214 vtabulas
708 3173 762 3215 extra
777 3173 870 3213 ordinem
887 3172 979 3215 effecisse.
