2147 3361
449 77 561 114 Mercatura
600 86 602 90 ·
617 87 619 89 ·
656 71 675 89 '⁵
910 85 958 131 531·

62 218 87 249 ex
96 201 219 260 longinquo
237 198 352 252 advenisse,
369 214 416 242 cum
426 202 557 245 mercatores
568 215 617 245 suos
628 218 640 246 a
650 203 703 247 mari
718 203 877 247 mediterraneo
888 189 954 260 usque

62 278 88 322 ad
107 277 180 319 sinum
202 272 312 316 Persicum
332 271 436 329 proficisci
456 272 542 317 iuberet
563 271 643 334 (Gudea
662 276 686 319 B.
702 276 725 320 V*
740 280 776 325 25.
794 281 830 326 26.
845 265 897 324 {KB
916 276 954 329 ΙΠ,

65 348 140 409 1,(33).
172 345 245 404 Atque
267 344 340 389 cedros
362 360 374 387 a
394 347 468 389 monte
491 345 589 390 Amanus
611 346 709 408 (ib28),
732 341 827 400 saxam
847 349 909 408 ligna
929 335 958 393 ex

63 420 169 467 Phoenica
187 417 225 480 (ib.
241 418 273 462 VI
288 417 317 478 5),
338 417 467 461 alabastrum
484 433 511 462 ex
528 425 602 464 monte
617 420 698 464 Tidanu
714 443 742 459 =
760 422 903 467 Antilibanus
919 409 955 483 (11].

64 495 93 541 VI
107 498 138 541 13,
154 492 201 537 KB
213 491 252 543 ΠΙ,
263 497 290 555 1,
301 491 338 551 37)
354 490 434 548 petivit.
460 491 509 535 Iam
525 492 593 537 tribus
608 497 629 536 et
645 493 726 538 duobus
742 495 832 540 milibus
848 484 957 541 annorum

64 586 83 616 a.
93 565 128 612 (lh.
144 581 166 613 n,
183 564 302 621 Babylonii
319 567 340 609 et
355 564 456 623 Aegyptii
472 579 523 608 curn
539 564 598 622 Syris
613 561 715 611 celebrem
731 571 876 613 mercaturam
892 569 955 618 facic-¹

64 644 120 687 bant.
153 638 239 683 Codicis
254 639 392 695 Hammurapi
412 637 437 681 de
457 641 583 693 mercatura,
605 640 690 693 horreis,
710 632 852 699 navigatione
872 642 956 700 legibus

66 714 225 760 demonstratur
240 711 264 755 in
279 711 399 768 Babylonia
417 711 461 754 iam
483 712 569 771 pridem
589 713 657 758 multa
677 717 747 771 empta
769 730 815 758 esse
831 717 853 764 et
867 715 956 763 venisse.

66 785 274 845 antiquissimorum
289 784 422 843 populorum,
438 785 476 842 qui
493 788 624 830 mercaturas
639 787 750 846 faciebant,
767 787 888 832 Phoenices
904 803 957 846 quo-

66 875 105 919 que
125 862 188 910 sunt;
210 874 262 902 nam
281 858 324 901 iam
344 860 395 912 tum,
416 872 464 901 cum
482 859 587 915 epistulae
602 860 626 903 in
641 859 686 904 Tell
701 860 840 904 el-‘Amarna
855 860 957 907 inventae

67 934 156 990 scriptae
178 934 236 983 sunt,
259 946 339 990 magna
360 931 423 974 classe
444 931 575 975 mercatoria
596 932 710 976 utebantur
732 935 753 976 et
775 949 826 978 cum
847 934 959 993 Aegyptiis

66 1005 194 1051 commercia
214 1004 329 1048 habebant.
359 1003 426 1047 Paulo
449 1006 499 1061 post
521 1004 619 1048 Aramaei
641 1020 688 1049 cum
708 1006 838 1063 Babyloniis
860 1008 959 1066 negotia-

67 1081 154 1131 bantur3
171 1093 248 1122 eorum
263 1077 339 1135 lingua
354 1077 436 1121 saeculo
453 1077 570 1122 undecimo
586 1078 610 1121 in
620 1078 705 1134 Assyria
720 1080 742 1122 et
752 1080 878 1136 Babylonia
894 1080 959 1139 vulgo

67 1152 215 1211 loquebantur.
247 1150 324 1194 Iisdem
344 1149 475 1208 temporibus
498 1150 584 1204 Minaei,
605 1152 642 1208 qui
662 1151 685 1195 in
700 1152 781 1195 Arabia
802 1152 830 1196 ad
850 1153 960 1197 meridiem

68 1228 167 1283 vergente
184 1223 319 1276 habitabant,
335 1238 382 1267 cum
396 1222 510 1281 Aegyptiis
527 1227 548 1267 et
564 1223 641 1268 incolis
656 1239 704 1268 orae
720 1225 786 1269 maris
803 1226 954 1270 mediterranei

70 1302 110 1355 qua
125 1298 153 1341 ad
169 1297 276 1342 orientem
292 1299 378 1354 spectat,
393 1298 538 1340 mercaturam
554 1297 667 1341 faciebant.

127 1371 182 1415 Cum
193 1373 251 1414 terra
263 1370 349 1415 Oanaan
364 1371 385 1413 et
400 1370 443 1413 situ
458 1372 481 1414 et
498 1369 604 1414 fructibus
620 1370 647 1414 ad
662 1373 806 1415 mercaturam
822 1364 961 1415 exercendam

70 1444 243 1490 commodissima
258 1447 317 1496 esset,
333 1444 396 1487 etiam
411 1443 495 1487 incolae
511 1443 557 1486 eius
573 1442 742 1501 omnitempore
758 1458 863 1501 magnam
874 1459 961 1501 operam

69 1520 90 1563 in
107 1534 154 1562 eam
174 1516 319 1569 conferebant,
339 1518 364 1560 ut
381 1515 426 1573 ipsa
445 1515 538 1559 nomina
554 1515 593 1565 tlh?
609 1517 630 1558 et
645 1516 692 1565 222?
707 1531 746 1574 pro
764 1521 883 1560 mercatore
899 1532 959 1561 usur-

70 1593 170 1649 parentur
188 1590 234 1651 (Jes
250 1595 284 1642 23,
301 1594 321 1638 8.
340 1589 369 1632 Ea
385 1594 418 1642 17,
434 1592 455 1637 4.
477 1589 536 1646 Zeph
555 1594 572 1641 1,
585 1593 618 1636 11.
639 1589 694 1633 Prov
710 1594 745 1642 31,
760 1589 805 1649 24),
827 1590 882 1634 sicut
898 1590 959 1640 hulpa

72 1664 170 1710 Chaldaei
185 1678 351 1720 nonnumquam
367 1662 486 1719 astrologos
498 1662 533 1705 vel
543 1676 618 1719 magos
633 1662 756 1719 significant
773 1663 820 1724 (Dn
832 1668 851 1717 2,
863 1666 883 1710 2,
894 1667 915 1710 4,
927 1668 955 1711 10

71 1739 95 1783 cf.
114 1738 177 1784 Diod.
198 1736 238 1781 Sic.
259 1735 313 1779 Bibl.
333 1735 380 1779 hist.
398 1740 416 1787 2,
434 1739 468 1782 24.
491 1733 570 1781 Juven.
591 1734 633 1779 Sat.
650 1739 669 1787 6,
686 1735 744 1794 553).
778 1735 797 1778 Α
828 1736 904 1789 Moses,
925 1737 962 1795 qui

72 1811 226 1870 agriculturam
246 1808 409 1852 fundamentum
428 1807 559 1865 reipublicae
576 1822 619 1851 esse
634 1807 706 1861 voluit,
727 1812 903 1854 mercaturae
922 1825 962 1853 ex-

72 1887 165 1929 ternae
182 1883 211 1927 ob
227 1883 326 1939 pericula,
343 1897 395 1940 quae
411 1896 436 1924 ex
453 1882 558 1924 contactu
574 1881 680 1925 variarum
695 1881 795 1940 gentium
811 1883 862 1926 fidei
880 1885 901 1927 et
916 1899 962 1927 mo-

71 1959 129 2002 ribus
149 1956 273 2008 imminent,
293 1955 340 2011 lege
356 1970 392 1997 sua
407 1954 497 1997 minime
513 1953 572 2006 favit,
594 1953 629 1997 sed
645 1954 712 1998 sclam
732 1954 839 1998 iustitiam
856 1957 878 2000 et
893 1956 964 2013 probi-

72 2033 137 2082 tatem
148 2030 172 2074 in
184 2029 292 2086 emptione
303 2030 323 2071 et
334 2026 454 2071 venditione
472 2027 598 2073 inculcavit.
625 2026 687 2070 Velut
697 2028 843 2084 praescripsit,
859 2032 884 2073 ut
895 2030 967 2072 omnis

71 2103 174 2161 iniquitas
191 2103 227 2154 „iu
238 2101 330 2158 pondere
341 2102 362 2143 et
371 2108 483 2144 mensura‘
500 2104 604 2143 vitaretur
620 2102 683 2157 atque
698 2100 767 2153 „iusta
779 2102 802 2144 et
812 2118 880 2160 aequa
896 2106 966 2146 essent

73 2177 179 2233 00001010ι
196 2176 237 2236 (hv
254 2179 288 2226 19,
305 2177 356 2222 aas.
373 2173 397 2217 a.
412 2173 470 2216 Prov
490 2177 524 2224 16,
540 2172 576 2232 11)
593 2187 632 2216 neo
647 2173 762 2218 haberetur
778 2175 846 2232 „lapis
863 2168 884 2218 et
899 2175 964 2231 lapis,

74 2249 85 2293 1,
97 2266 112 2293 θ.
124 2250 206 2306 duplex
222 2251 243 2291 ct
259 2247 363 2290 diversum
378 2245 460 2300 pondus
478 2245 519 2303 (Dt
533 2248 569 2303 25,
582 2250 616 2293 13.
632 2246 657 2291 cf.
668 2246 696 2290 Ea
706 2251 742 2299 45,
756 2252 790 2296 10.
808 2247 910 2300 Prov20,
923 2249 965 2307 10),

74 2337 123 2365 nam
139 2322 249 2374 „bilances
266 2320 350 2363 dolosae
366 2318 385 2376 (1.
397 2333 412 2360 θ.
429 2317 455 2360 ad
472 2317 571 2360 fraudem
588 2317 706 2363 faciendam
723 2320 818 2379 aptatae)
836 2321 966 2365 abominatio

75 2399 123 2438 sunt
139 2394 235 2439 1010100ιι
251 2392 316 2453 (Prcv
328 2397 361 2444 11,
373 2395 395 2441 1;
411 2390 504 2449 21123).
532 2390 634 2435 Siracides
650 2406 733 2450 quoque
749 2396 831 2445 monet,
847 2395 872 2436 ut
887 2408 967 2450 magna

75 2467 189 2526 diligentia
205 2468 232 2512 ad
248 2467 331 2524 pondus
347 2467 424 2509 iustum
441 2468 463 2508 et
479 2480 604 2508 mensuram
619 2465 695 2510 iustam
712 2467 835 2510 adhibenda
846 2467 875 2510 sit
890 2468 933 2527 (42,
944 2468 967 2527 4)

76 2545 96 2585 et
111 2543 134 2585 iu
150 2543 216 2586 rebus
232 2540 347 2585 vendendis
362 2543 399 2583 aut
414 2539 511 2582 emendis
527 2538 590 2582 facile
606 2540 687 2596 peccari
703 2541 755 2584 dicit
772 2541 816 2601 (27,
828 2540 850 2599 2)
859 2544 872 2582 1.
904 2540 967 2584 Mer-

77 2618 200 2661 caturam
223 2616 294 2658 autem
314 2612 492 2657 domesticam
510 2613 603 2656 Hebraei
618 2629 663 2657 non
679 2628 702 2657 eo
719 2613 813 2658 consilio
835 2613 968 2663 exercebant,

77 2690 100 2731 ut
116 2688 204 2733 divitias
225 2689 333 2745 augerent,
354 2685 389 2729 sed
404 2687 428 2728 ut
444 2685 515 2729 vitain
537 2688 686 2733 sustentarent.
716 2686 747 2729 Ea
767 2687 881 2743 praecipue
901 2686 969 2730 tribus

78 2759 119 2804 illis
140 2761 324 2806 sollemnitatibus
345 2759 490 2811 adiuvabatur,
514 2758 541 2802 ad
557 2774 609 2816 quas
630 2760 744 2817 quotannis
766 2774 842 2803 omnes
863 2758 931 2802 adulti
946 2761 969 2803 in

78 2832 148 2878 locum
164 2850 249 2878 sacrum
266 2833 376 2877 convenire
392 2832 500 2875 debebant
517 2832 557 2894 (Ex
575 2837 609 2886 23,
627 2837 724 2885 14—173
740 2837 777 2885 34,
789 2836 824 2879 23,
842 2832 877 2878 Du
891 2837 923 2885 16,
937 2838 969 2881 16.

77 2904 120 2950 Jos.
132 2907 171 2952 AJ
182 2912 203 2959 4,
216 2914 235 2956 8.
247 2907 279 2967 7);
296 2904 446 2961 Hierosolymis
464 2907 539 2948 autem
555 2906 590 2950 vel
605 2906 692 2963 septimo
709 2920 796 2963 quoque
813 2905 847 2948 die
862 2905 972 2950 nundinae

79 2981 249 3033 celebrabantur,
266 2996 307 3038 quo
324 2979 387 3023 etiam
397 2977 454 3035 Tyrii
471 2978 560 3022 venalia
576 2979 696 3023 inferebant
711 2978 769 3039 (Neh
782 2983 817 3031 13,
830 2979 872 3039 16).
895 2978 972 3023 Postea

80 3051 169 3098 llebraei
191 3057 301 3098 externam
323 3066 404 3110 quoque
426 3054 573 3095 mercaturam
594 3052 661 3095 tacere
683 3054 806 3108 coeperunt.
838 3051 908 3109 Atque
930 3052 973 3096 iam

79 3128 147 3170 aetate
163 3127 260 3171 iudicum
276 3125 332 3169 haud
347 3124 406 3182 qaauci
422 3124 502 3184 (tribus
519 3126 568 3168 Dan
585 3128 606 3168 et
617 3124 703 3186 Ascher)
720 3141 731 3168 e
747 3125 864 3169 maritimis
879 3125 973 3170 Phoeni-

864 3200 900 3236 34*
