2147 3361
419 96 519 144 Templum
532 95 636 134 Salomonis
930 97 973 141 113

148 229 281 271 ⁵SessUfld¹1ffi
301 226 433 276 iUltslss‘eitffl
454 224 540 275 Syrium,
561 236 621 274 quem
641 222 705 262 Arabs
726 222 808 262 secutus
829 221 866 268 est,
888 220 973 260 sanctis-

86 296 159 336 simum
175 288 308 343 qnadraginta
327 285 396 326 cubita
415 284 498 337 longum
515 286 576 324 erat
595 283 642 323 Sine
659 283 719 323 dubio
737 282 799 335 Syrus
815 282 828 313 ²2
845 285 918 324 ==‘40
936 294 972 331 pm

84 360 96 390 :
114 373 145 389 -τ
163 360 189 396 20
206 351 260 403 legit.

147 462 220 501 GSunt
236 459 271 511 qui
286 455 405 497 vocabulum
422 442 471 486 nin&
487 454 596 493 introrsum
616 453 727 506 significare
747 455 767 492 et
785 452 846 492 facies
868 451 973 492 cherubim

86 526 168 565 alteram
184 520 242 562 alteri
258 518 352 559 adversas
369 515 432 555 fuisse
446 514 567 554 existiment.
594 514 652 561 Quod
662 526 745 565 prorsus
755 515 830 553 falsum
841 525 884 553 esse
896 525 973 553 censeo.

85 586 136 625 Nam
152 583 169 623 si
184 594 215 622 res
231 581 261 620 ita
276 591 296 618 se
315 577 404 625 heberet,
425 569 496 627 procul
516 574 578 615 dubio
594 574 642 621 ΠῼἹᾏ
658 574 786 615 scribendum
805 574 846 614 tuit
868 572 901 631 (cf.
917 575 927 614 I
942 574 973 626 ag

87 654 105 692 7,
123 641 167 700 25),
189 642 265 682 sedne
284 640 321 678 hoc
337 637 418 689 quidem
435 636 556 676 vocabulum
573 636 623 676 satis
639 636 723 687 planum
739 637 760 675 et
776 635 896 676 distinctum
912 641 972 677 esset.

85 692 133 739 nub
149 705 217 744 autem
233 699 350 757 (articulum
365 693 470 752 respicias)
484 696 536 737 nihil
547 696 602 736 aliud
613 696 725 748 significare
736 698 803 747 potest
813 696 852 736 nisi
863 697 890 736 cot
900 696 973 737 aedera.

85 768 128 807 lam
142 777 189 805 vero
208 762 272 803 totius
288 759 364 811 templi,
385 758 439 810 qnod
454 758 503 790 ΠἜΠ
518 757 584 797 vocari
600 758 657 805 solet,
679 758 774 797 hocloco
791 758 913 797 mentionem
929 757 973 797 fieri

85 839 126 868 non
145 837 203 878 posse
223 822 353 875 perspicuum
374 820 411 859 est.
443 818 508 866 Quare
527 818 624 859 vocabulo
640 817 687 851 ³⁸²³
703 818 736 857 hic
756 819 837 857 tantum
858 818 923 857 (cedern
939 830 972 857 ca-

77 889 175 928 'tcriorera
191 872 258 938 (ΒᾉᾙΓι
273 882 283 921 Ι
298 882 330 933 Xg
347 887 364 928 6,
383 886 393 922 5
412 879 522 932 opponitur
537 879 596 924 rati
615 880 642 919 ib.
658 879 700 919 sive
715 879 777 923 appa
793 878 841 916 nnn
857 878 884 919 ib.
898 892 917 918 c.
933 885 973 926 273

88 956 105 996 7,
123 944 158 1002 50)
176 943 268 984 denotari
284 941 415 982 statuendum
431 942 468 989 est,
484 942 509 980 ut
524 940 534 979 I
549 941 580 993 Xg
597 948 615 989 6,
635 946 667 983 17.

145 1070 257 1119 ildrrotctio.
268 1096 298 1104 -
309 1074 359 1114 (tum
374 1074 493 1125 „pulchrum
510 1074 532 1113 in
548 1073 616 1113 debita
632 1063 762 1124 proportione
778 1074 886 1114 consistere
903 1071 972 1130 (Tho-

86 1153 136 1181 mas
152 1140 170 1179 S.
186 1139 215 1178 th.
228 1145 246 1179 1.
263 1149 296 1188 qu.
309 1142 327 1178 5.
344 1150 361 1175 a.
373 1141 393 1176 4.
409 1135 433 1175 ad
453 1136 479 1190 1),
496 1135 557 1175 etiam
573 1135 691 1175 artificiosae
707 1135 779 1187 templi
795 1136 908 1175 structurae
924 1147 970 1186 pro-

85 1200 151 1253 portio
170 1198 268 1250 quaedam
289 1196 416 1248 singularum
437 1195 525 1247 partium
547 1208 655 1248 congruere
675 1196 740 1236 debet.
771 1188 838 1247 Atque
855 1195 877 1236 Ο.
893 1194 974 1247 Wolff

88 1259 135 1317 (Der
151 1260 232 1311 Tempel
252 1270 292 1297 von
311 1257 425 1296 Jerusalem
443 1257 486 1297 und
505 1257 559 1297 seine
580 1258 635 1297 iliade
653 1262 680 1298 42
692 1254 726 1313 ss.)
744 1269 813 1297 omnes
828 1256 901 1308 templi
917 1256 972 1296 Salo-

86 1321 151 1362 monis
171 1332 273 1360 mensuras
294 1318 319 1357 ad
339 1331 454 1357 mensuram
473 1317 645 1358 fundamentalem
665 1318 807 1369 geometricam
826 1318 895 1357 altaris
916 1317 973 1356 holo-

87 1384 208 1428 caustorum,
226 1379 280 1431 quod
296 1379 419 1430 quadratum
434 1379 508 1431 viginti
526 1376 608 1434 (additis
625 1378 721 1431 gradibus
738 1374 898 1434 duodetriginta)
916 1378 972 1417 cubi-

86 1446 153 1483 torum
169 1443 217 1491 erat,
233 1440 324 1488 reducit;
341 1439 431 1480 conferas
446 1440 479 1492 fig.
494 1446 519 1482 13
536 1440 557 1479 in
574 1442 662 1480 extremo
678 1440 736 1479 libro.
763 1440 782 1480 Si
798 1439 852 1479 euim
868 1439 920 1479 circa
936 1439 973 1479 hoc

87 1503 206 1554 quadratum
227 1501 315 1541 circulus
332 1500 458 1549 describitur,
481 1500 527 1540 dein
548 1501 623 1541 circum
643 1502 697 1540 hune
713 1502 752 1540 duo
773 1500 875 1553 triangula
890 1499 973 1551 paribus

87 1563 184 1603 lateribus
195 1562 333 1614 depinguntur
350 1558 397 1617 (αβγ
413 1563 434 1601 et
449 1559 496 1614 δεζ),
512 1563 567 1601 stello
577 1563 678 1614 terragona
693 1561 736 1603 sire
752 1562 891 1614 hexagremma
903 1560 974 1616 (etiam

87 1625 142 1663 stella
155 1624 284 1674 Solomonia,
301 1627 377 1662 scaram
387 1622 460 1674 Dauid,
477 1623 599 1674 rieaapoaam
614 1623 759 1662 Salomoniccrc
769 1624 802 1663 vel
817 1623 903 1674 sigillam
916 1621 972 1661 Solo-

87 1685 150 1724 monis
166 1679 226 1738 dicta)
243 1683 350 1732 enascitur,
371 1697 411 1734 qua
427 1683 513 1723 formula
528 1697 635 1724 mensurae
651 1683 778 1735 singularum
794 1683 867 1734 templi
882 1682 973 1734 partium

88 1744 251 1784 determinantur.
284 1743 338 1790 Quae
359 1744 418 1785 stella
438 1746 543 1796 tamquam
564 1745 643 1797 signum
666 1757 726 1796 eriper
746 1746 825 1796 portam
845 1744 917 1795 templi
938 1757 972 1795 ap-

88 1805 169 1856 parebat
190 1807 210 1844 et
230 1817 285 1844 nuno
307 1818 368 1857 super
390 1818 459 1845 omnes
481 1806 522 1845 fere
544 1818 656 1858 synagogas
679 1808 768 1857 apparet.
798 1806 836 1845 nst
858 1804 973 1857 symbolum

87 1865 173 1904 nominis
188 1865 261 1905 divini:
283 1879 330 1905 nam
346 1865 434 1906 circulus
455 1867 564 1918 perfectam
579 1867 679 1908 unitatem
696 1866 784 1907 divinam
800 1865 911 1918 signifieat3
932 1865 972 1906 duo

86 1926 188 1978 triangula
203 1927 257 1966 intra
272 1926 376 1978 circulum,
393 1940 444 1978 quae
459 1941 520 1967 unam
531 1928 616 1980 figuram
627 1928 761 1976 constituunt,
776 1928 889 1967 trinitatem
900 1924 973 1981 (unum

87 1986 108 2024 in
123 1987 189 2027 tribus
205 1989 226 2026 et
241 1990 282 2027 tres
297 1988 319 2028 in
336 1984 385 2044 uno)
406 1988 501 2029 indicant.
533 1989 582 2028 cum
598 1989 635 2029 hoc
651 1989 812 2040 hexagrammate
828 1988 889 2027 etiam
905 2000 972 2027 ruceio-

87 2058 176 2096 prorutae
199 2047 272 2087 disrari
293 2049 335 2087 arte
358 2050 456 2090 cohaeret.
488 2049 580 2089 Conferas
602 2050 635 2101 fig.
659 2055 685 2091 14
708 2051 729 2088 et
753 2056 785 2091 15.
816 2049 890 2089 Videas
912 2047 973 2087 etiam

86 2106 107 2146 X.
124 2106 152 2146 de
168 2108 266 2159 Saulcy,
286 2109 409 2149 Recberches
425 2123 460 2149 sur
475 2110 495 2149 la
510 2110 669 2161 numismatique
684 2109 788 2161 iudatque,
804 2110 845 2149 tab.
861 2108 971 2148 Xr—XXX.

87 2166 142 2206 Paris
161 2174 223 2211 1854.

148 2289 169 2330 Ο.
185 2290 266 2331 Wolff
284 2292 349 2344 igitur
369 2305 473 2333 mensuras
494 2293 620 2345 singularum
640 2293 712 2346 templi
732 2293 822 2345 partium
843 2294 880 2333 hac
895 2293 973 2343 ratione

87 2350 181 2400 proponit
194 2348 231 2407 (37
244 2349 279 2409 s.):
296 2353 346 2393 Tota
356 2354 428 2405 templi
439 2354 525 2393 altitudo
537 2356 580 2393 erat
591 2354 760 2406 duodeoetoginta
771 2355 897 2403 cubitorum
914 2353 973 2393 aedes

88 2421 143 2449 sacra
158 2415 239 2452 centum
256 2413 325 2454 cubita
340 2415 406 2467 longa,
423 2414 527 2467 sexaginta
544 2412 595 2471 (sine
610 2429 685 2467 pronao
701 2416 851 2468 quinquaginta
867 2411 915 2471 duo)
932 2415 974 2454 lata

88 2472 141 2519 erat;
162 2485 251 2523 pronaus
272 2487 371 2526 sexagena
391 2476 460 2516 cubita
480 2477 534 2515 altus
555 2478 575 2515 et
595 2476 649 2517 latus
672 2478 725 2525 erat;
748 2476 823 2517 atrium
847 2477 973 2516 sacerdotum

87 2531 150 2571 muris
166 2533 240 2573 additis
256 2535 342 2575 ducenta
358 2536 426 2576 cubita
441 2536 525 2588 longum
541 2533 575 2593 (ab
591 2537 694 2578 occidente
709 2550 779 2578 versus
796 2533 910 2592 orientem),
927 2549 973 2576 cen-

86 2592 131 2631 tum
151 2593 221 2639 latum,
242 2595 285 2635 sine
304 2597 367 2636 muris
387 2598 469 2637 centum
486 2597 652 2650 undenonaginta
668 2599 758 2650 longum,
778 2599 888 2650 nonaginta
908 2598 973 2637 latum

87 2655 138 2700 erat;
159 2654 235 2695 atrium
255 2657 325 2708 populi
347 2657 496 2710 longitudinem
517 2661 538 2698 et
557 2659 686 2700 latitudinem
708 2662 836 2712 nonagenum
859 2658 973 2698 cubitorum

86 2711 184 2763 habebam
208 2718 318 2769 utrumque
339 2719 414 2758 atrium
435 2731 480 2758 curn
502 2720 579 2760 exedris
596 2722 616 2760 et
631 2720 695 2760 muris
711 2720 797 2760 ducenta
812 2720 922 2771 nonaginta
939 2731 974 2759 sex

88 2773 155 2814 cubita
165 2776 255 2828 longum,
273 2780 354 2819 centum
365 2779 581 2833 duodequinqueginta
596 2782 661 2822 latum
677 2782 720 2821 erat
737 2778 787 2837 (148
796 2795 800 2820 :
810 2786 851 2822 296
864 2797 893 2813 =
906 2787 916 2822 1
927 2777 973 2836 :2];

86 2833 129 2873 tota
149 2849 194 2876 area
213 2838 284 2890 templi
306 2841 396 2880 trecenta
411 2840 515 2880 duodecim
537 2842 606 2882 cubita
625 2843 692 2894 longa,
714 2843 795 2882 centum
816 2841 917 2893 octoginta
933 2841 974 2880 lata

87 2896 134 2934 erat.
155 2919 185 2927 —-
202 2898 231 2938 De
250 2900 377 2952 singularum
396 2901 486 2952 partium
504 2903 635 2954 proportione
654 2905 723 2943 auctor
740 2908 826 2945 39—50
846 2903 927 2942 tractat.
943 2926 974 2931 -

87 2953 178 2996 Ceterum
200 2959 289 3000 conferas
311 2961 371 3001 etiam
391 2962 472 3010 librum,
495 2976 556 3013 quem
572 2964 593 3005 Ο.
609 2964 672 3005 Wolff
684 2963 803 3014 inscriptum
823 2963 876 3012 „Der
892 2963 973 3015 Tempel

87 3026 125 3054 von
146 3017 271 3060 Jerusalem
291 3034 343 3063 anno
363 3029 419 3066 1913
441 3023 510 3073 edidit,
531 3024 568 3064 ubi
589 3038 613 3065 ex
633 3025 691 3076 parte
711 3024 760 3064 alias
781 3036 886 3064 mensuras
907 3037 973 3076 perse-

87 3076 156 3125 quitur
167 3081 187 3120 et
198 3084 303 3133 supputat.
331 3084 438 3124 Praeterea
453 3084 521 3125 videas
538 3085 570 3126 St.
586 3086 695 3135 Beiesel,
712 3084 848 3137 Tempelmasse
865 3082 974 3142 (Stimmen

86 3147 122 3176 aus
138 3139 275 3182 naria-Lacu
291 3143 396 3193 LXXXIII,
416 3151 479 3194 rara,
497 3144 631 3203 aer-ror).

146 3214 283 3257 Korttettmr,
298 3218 412 3257 trehaoologia
425 3219 487 3251 biblica
914 3215 926 3252 8
983 3222 984 3225 ’
