2147 3361
496 77 615 115 Circumcisio
957 82 1001 126 4101

107 215 142 262 10,
155 201 383 256 caraecarae.
400 199 455 242 Rom
472 203 492 253 2,
509 204 545 258 29)
552 206 568 247 ³.
599 201 683 245 Deinde
699 200 830 245 circumcisio
848 201 892 243 erat
909 198 1003 256 signum,

107 298 149 342 quo
170 279 272 322 naturam
291 274 410 317 humanam
431 270 478 315 labe
501 273 602 331 originali
622 274 726 319 infectam
747 288 790 318 esse
814 273 1002 325 demonstraretur,

106 365 225 415 quaecum
245 348 269 391 in
290 345 465 403 concupiscentia
486 347 566 390 carnali
587 348 680 391 maxime
700 349 807 406 appareat,
824 362 871 390 cam
887 345 914 390 ad
930 361 1003 389 semen

106 425 236 488 promissum
252 419 388 480 gignendum
408 420 532 475 incapacem
548 420 651 470 reddidit;
672 420 736 464 simul
752 420 885 464 circumcisio
901 419 1003 462 messiam

107 517 132 546 ex
153 497 234 542 semine
254 493 364 538 Abraham
386 492 506 536 circumcisi
526 494 710 550 supernaturalem
729 493 753 537 in
775 493 863 537 modum
886 492 1003 537 oriundum

107 589 150 618 esse
171 567 270 614 ostensa.
302 565 401 623 Denique
422 565 554 609 circumcisio
576 569 621 610 erat
641 566 735 624 signum,
751 582 794 624 quo
810 566 882 623 imago
899 565 1003 622 baptismi

106 644 266 703 exprimeretur,
289 642 314 683 ut
333 639 446 694 'apostolus
469 638 543 692 0012,
561 643 588 687 11
601 655 616 686 s.
633 639 705 682 docet:
728 640 885 701 Heprerpqtqce
901 649 1000 699 περιτομῇ

107 721 264 780 ἀχειροποιήτῳ,
281 713 302 757 ἐν
318 722 343 771 τῇ
360 713 469 757 caecasse
484 721 519 758 τοῦ
535 717 631 771 σώματος
648 712 695 771 (τῶν
706 711 818 771 ἁμαρτιῶν)
834 724 870 775 τῆς
887 718 968 771 σαρκὸς,
980 713 1003 758 ἐν

107 802 132 851 τῇ
148 798 248 849 περιτομῇ
270 794 306 831 τοῦ
322 785 420 844 Χριστοῦ,
442 791 576 846 συνταφέντες
595 786 648 844 αὐτῷ
665 786 729 844 ἐντῷ
746 789 872 844 βαπτίσματι.
904 784 962 828 llam
977 788 1004 828 ut

106 862 231 920 baptismus,
248 858 280 901 ita
296 856 428 901 circumcisio
445 857 539 914 primurn
555 858 587 900 est
603 860 761 901 sacramentum
776 873 838 901 verae
853 857 964 915 religionis
980 862 1002 902 et

107 935 157 980 fidei
178 934 265 990 eiusque
285 930 388 988 professio
409 931 499 988 ideoque
520 930 607 987 adoptio
629 933 650 973 et
672 930 786 987 adscriptio
802 931 826 974 in
842 930 952 974 ecclesiam
968 931 1003 974 dei

107 1009 194 1064 eiusque
209 1006 263 1059 iura,
279 1004 313 1061 pri
329 1003 398 1061 legia,
415 1003 496 1061 gratias
503 1007 519 1050 4,

169 1079 227 1133 Quae
238 1093 287 1120 cum
298 1078 329 1121 ita
340 1076 389 1129 sint,
401 1091 470 1134 neque
481 1076 572 1120 Hebraei
580 1076 694 1134 Aegyptiis
704 1091 774 1133 neque
790 1076 892 1134 Aegyptii
902 1076 1005 1120 Hebraeis

108 1153 292 1198 circumcisionem
303 1150 429 1203 debuerunt,
441 1149 573 1193 consuetudo
585 1151 658 1194 autem
666 1149 774 1207 Aegyptia
782 1148 865 1192 dahrae
875 1150 933 1193 illius
943 1165 1004 1207 prae·

108 1226 163 1284 cepti
180 1240 254 1269 ansam
265 1223 330 1271 dedit,
356 1222 385 1266 Ut
396 1223 518 1280 baptismus
533 1222 577 1266 iam
591 1224 641 1266 ante
654 1221 764 1266 Christum
774 1225 840 1267 notus
851 1223 904 1278 fuit,
919 1222 943 1266 in
954 1223 1003 1267 reli-

107 1299 172 1357 gione
185 1300 257 1342 autem
269 1296 392 1340 Christiana
407 1311 487 1340 novam
503 1296 585 1352 accepit
600 1297 757 1349 auctoritatem,
773 1296 804 1340 ita
815 1295 949 1340 circumcisio
960 1296 1006 1339 iam

108 1375 158 1416 ante
175 1373 267 1415 aetatem
282 1368 392 1413 Abraham
408 1368 466 1426 apud
476 1368 596 1426 Aegyptios
611 1369 635 1412 in
650 1385 691 1413 usu
706 1369 755 1422 fuit,
771 1363 798 1412 in'
810 1369 916 1428 religione
932 1372 1003 1413 autem

108 1444 185 1488 veteris
201 1430 326 1487 testamenti
337 1442 425 1499 signum
441 1442 533 1486 foederis
545 1458 557 1485 a
568 1442 582 1486 J
583 1442 636 1487 alive
648 1443 731 1487 conditi
741 1442 798 1486 facta
809 1444 847 1486 est.
873 1443 903 1486 Ut
914 1444 1005 1499 saepius,

107 1518 139 1560 ita
155 1516 191 1559 hic
207 1530 292 1573 quoque
309 1516 359 1559 deus
375 1515 425 1569 ritu,
446 1515 484 1572 qui
499 1516 543 1559 iam
559 1516 664 1569 exstabat,
685 1531 736 1560 usus
751 1519 783 1560 est
799 1531 890 1573 eumque
906 1517 1003 1561 sacrarit.

172 1617 215 1656 1111
230 1616 307 1656 litteris
327 1617 474 1669 Aegyptiorum
496 1629 598 1668 nusquam
619 1616 695 1657 dicitur·
717 1617 890 1658 circumcisionem
911 1618 936 1657 ad
956 1618 1003 1658 reli-

107 1678 189 1730 gionem
204 1677 312 1729 pertinere.
344 1677 431 1717 Omnino
447 1690 512 1717 unum
528 1677 595 1718 locum
611 1690 698 1729 eumque
714 1679 737 1718 in
752 1678 784 1726 iis,
801 1691 853 1730 quae
869 1678 947 1718 Pharao
963 1680 1003 1719 ue-

107 1740 194 1790 renptah
215 1738 240 1778 de
261 1739 338 1789 proelio
360 1750 396 1777 suo
417 1752 463 1778 cum
483 1734 591 1790 Ilar’eayu,
608 1738 700 1790 principe
716 1739 810 1791 Libyum,
827 1739 852 1778 ad
868 1740 939 1780 urbem
955 1741 1003 1780 Per·

108 1795 215 1849 ’er-sepset
226 1799 333 1839 commisso
345 1799 451 1839 memoriae
462 1799 531 1848 tradit,
548 1799 687 1852 cognorimus,
703 1799 758 1840 unde
769 1800 910 1852 intellegimus
921 1801 1002 1853 Aegyp-

107 1860 147 1899 tios
169 1861 253 1910 putasse
276 1859 450 1901 circumcisionem
473 1859 559 1900 alieuius
581 1861 682 1900 momenti
703 1860 773 1901 fuisse.
809 1860 837 1902 cf.
855 1862 879 1901 A.
899 1862 1004 1911 Erman,

107 1920 215 1972 Aegypten
230 1920 274 1960 und
289 1920 429 1973 aegyptisches
445 1920 512 1960 Leben
527 1920 556 1959 im
572 1921 677 1961 Altertum
695 1926 737 1964 110
750 1935 764 1963 s.

172 2004 244 2045 ²Hinc
260 2005 395 2059 intellegitur,
411 2018 447 2046 cur
462 2006 625 2046 incircumcisum
641 2019 685 2047 esse
700 2009 725 2048 ab
737 2008 835 2049 Hebraeis
846 2009 956 2048 maximum
968 2021 1003 2060 op-

107 2064 213 2124 probrium
229 2066 340 2106 haberetur
355 2062 403 2183 {Jdc
421 2072 454 2115 14,
473 2073 497 2115 33
516 2073 548 2116 15,
563 2073 595 2110 18.
611 2068 621 2106 Ι
638 2067 672 2107 Sm
691 2076 723 2118 14,
736 2077 760 2118 63
779 2074 813 2119 17,
829 2076 862 2112 26.
875 2076 909 2113 36.
925 2069 951 2108 Er
969 2075 1004 2117 28>

109 2132 369 2176 10331,18;32,19.

171 2211 257 2257 ³[luare
278 2211 359 2252 scelesti
380 2212 458 2264 deoque
478 2212 631 2254 inoboedientes
652 2214 756 2266 tamquam
777 2212 912 2255 incircumcisi
931 2217 1004 2265 mente,

108 2270 198 2320 auribus,
220 2271 314 2312 cordibus
335 2272 513 2324 reprehenduntur
534 2269 572 2329 (Lu
589 2280 623 2323 26,
646 2276 769 2324 411411,
787 2283 811 2326 43
834 2283 853 2325 6,
873 2284 909 2325 103
932 2282 950 2324 9,
969 2282 1005 2318 25,

107 2330 134 2370 uz
151 2337 186 2379 41,
204 2339 222 2375 r.
239 2333 278 2372 aa
295 2340 314 2381 τ,
333 2331 376 2389 er).

170 2416 223 2457 4Cf.
239 2416 364 2458 Athenas.
384 2418 413 2457 lle
434 2418 489 2459 sabb.
507 2422 527 2460 et
548 2419 660 2462 circumcis.
682 2422 692 2470 ξ
710 2428 729 2463 6.
745 2423 806 2462 IISG
824 2428 857 2470 28,
877 2428 925 2464 141.
941 2421 1006 2472 Epi-f

107 2475 181 2525 phan.
197 2477 256 2517 Haer.
274 2484 293 2527 8,
312 2486 329 2522 6.
347 2478 373 2518 ib.
390 2485 425 2527 41,
444 2485 493 2522 213.

169 2574 282 2614 Adnotctio.
299 2598 328 2604 -
344 2575 481 2616 Hebraeorum
504 2577 675 2619 circumcisionem
698 2580 882 2632 aBabyloniis
902 2581 1005 2630 receptam

108 2644 150 2672 csse
170 2647 300 2686 nequaquam
321 2636 401 2688 probari
423 2638 497 2688 potest.
530 2638 554 2677 In
570 2638 649 2679 Kar³
670 2640 695 2679 de
716 2637 868 2680 circumcisione
887 2640 956 2680 nullus
972 2643 1004 2680 est

108 2704 180 2734 sermo.
208 2695 230 2735 F.
248 2696 338 2736 Horcrnel
354 2693 427 2752 (14pr
443 2697 515 2746 XVIII,
533 2703 597 2750 1907,
616 2697 667 2756 151)
685 2701 761 2741 frustra
777 2701 949 2742 circumcisionem
964 2701 1003 2740 Ba·

108 2752 239 2804 byloniorum
255 2769 278 2796 er
294 2757 359 2808 phalli
374 2758 438 2797 forma
453 2759 588 2799 terminorum
603 2762 763 2813 Babyloniorum
785 2764 805 2801 ct
826 2763 929 2802 columnae
949 2762 1007 2814 regis>

108 2813 242 2868 Hammurapi
263 2818 358 2870 colligere
380 2819 464 2859 conatus
488 2821 526 2862 est.
558 2821 585 2861 ar
604 2834 630 2862 ne
653 2822 677 2861 G.
693 2823 719 2866 A.
735 2823 814 2863 Barcen
834 2823 916 2873 quidem
938 2820 967 2877 (in
983 2825 1003 2865 J.

108 2872 210 2928 Hostiups,
227 2878 388 2930 Encyclopaedia
404 2879 427 2919 of
440 2879 534 2933 Religion
554 2883 599 2937 end¹
610 2883 680 2923 Ethics
693 2883 729 2933 III,
746 2880 798 2939 619)
815 2883 926 2936 quidquam
947 2884 1004 2923 aliud

108 2932 175 2975 dicere
191 2938 252 2978 habet
268 2939 308 2978 nisi
325 2940 474 2991 purgationem,
491 2955 542 2993 cquae
558 2943 684 2996 alienigenis,
701 2946 719 2984 si
738 2944 759 2983 in
781 2944 866 2984 familias
882 2944 1005 2996 Babyloniae

108 2997 272 3048 assumebantur,
294 3000 400 3040 subeunda
421 3003 464 3040 erat
485 2998 519 3058 (cl.
536 3003 562 3044 H.
578 3005 648 3045 Rculrc
668 3005 690 3045 in
706 3004 831 3056 Babylonian
847 3001 969 3057 Expedition
985 3006 1010 3046 of'

107 3053 142 3095 the
158 3055 277 3110 University
293 3061 316 3100 ol
329 3061 478 3113 Pennsylvania
494 3064 527 3113 Vl,
542 3072 559 3113 1,
573 3071 599 3108 29
612 3061 655 3121 sa),
672 3066 843 3106 circumcisionem
859 3067 922 3107 luisse
938 3080 1008 3118 posse„

106 3114 136 3154 At
152 3112 177 3156 de
194 3119 352 3170 circumcIsione,
369 3122 386 3161 si
401 3122 430 3162 ibi
446 3124 507 3164 moris
524 3125 603 3176 luisset,
620 3126 709 3178 proiecto
726 3126 799 3168 clrrrius
816 3127 893 3168 dictum
909 3130 968 3169 esset.

169 3190 308 3233 Kortleitner,
322 3195 440 3234 Archaeologia
453 3197 515 3230 biblica
920 3199 944 3235 26
