2147 3361
443 108 445 111 .
482 77 537 113 Artes
549 75 634 112 liberales
961 70 1008 118 635

116 216 181 263 erunt,
198 224 232 251 eae
249 210 270 248 et
285 203 557 255 attitauine‘eogitationam
573 205 593 243 11
608 201 708 254 gravitate
724 200 819 240 dictionis
836 197 945 239 excellunt.
967 196 1007 235 At-

117 290 155 328 que
167 282 287 325 quamquam
304 267 329 306 iis
345 276 412 316 neque
423 263 536 304 disserendi
553 263 656 303 subtilitas
668 261 794 314 eloquentiae
806 261 927 300 Graecorum
938 270 1008 307 neque

116 336 194 377 exculta
213 330 322 372 verborum
338 324 458 376 compositio
475 324 609 364 Romanorum
625 325 683 373 inest,
704 326 772 363 tamen
788 322 808 361 et
824 315 957 371 simplicitate
974 316 1007 357 di-

117 390 174 437 cendi
189 395 209 433 et
224 387 363 430 vicissitudine
379 385 480 426 minarum
501 381 533 425 vel
549 384 710 436 promissionum,
731 382 892 423 admonitionum
909 380 943 419 vel
959 392 1007 420 con-

117 455 236 497 solationum
256 450 334 489 animos
350 447 480 487 uehementer
497 447 629 485 commouent.
655 445 725 496 Neque
741 456 828 493 usquam
849 438 872 482 in
888 441 913 481 iis
930 441 1007 480 oratio·

116 517 181 564 nibus,
200 500 293 564 partibus
313 507 382 560 lyricis
403 506 571 547 vaticinationum
592 505 683 557 exceptis,
704 505 814 544 discrimen
834 502 964 553 eloquentiae
985 502 1007 542 et

116 575 179 629 poesis
194 572 296 613 sublatum
305 573 344 618 est,
361 568 453 618 quamvis
470 569 491 607 et
505 567 592 607 dictione
609 568 629 606 et
644 566 779 617 parallelismo
789 565 928 605 membrorum
945 576 1007 614 saepe

116 637 141 689 ad
156 633 225 687 poesin
240 643 303 683 prope
319 628 419 669 accedant.

457 856 532 915 Caput
549 840 678 912 quartum

261 969 270 1046 J
332 985 372 1031 De
392 987 487 1041 cantu,
505 984 625 1040 musica,
644 982 791 1030 saltatione
852 970 853 973 '

112 1108 114 1112 ’
174 1113 202 1159 I.v
216 1112 269 1156 Cum
285 1111 344 1156 cultu
364 1111 460 1168 poeticae
476 1111 567 1155 Hebraei
588 1126 671 1168 semper
691 1109 854 1168 coniungebant
874 1108 1007 1151 musicani

115 1201 163 1231 eum
179 1186 301 1229 vocalem
322 1188 368 1228 tum
384 1184 640 1236 instrumentalem,
661 1183 686 1227 de
707 1183 767 1227 cuius
787 1184 860 1226 tamen
882 1182 962 1225 natura
982 1196 1009 1224 ac

114 1259 141 1310 vi,
157 1258 259 1316 quoniam
275 1257 381 1302 obsolevit
396 1261 417 1301 et
433 1274 445 1300 a
461 1258 540 1301 nostris
550 1258 645 1301 moribus
655 1257 720 1315 longe
735 1256 806 1310 distat,
822 1270 860 1312 per
871 1255 1006 1299 coniecturas

111 1330 170 1374 'solas
185 1330 284 1374 disserere
299 1345 417 1387 possumus.
444 1331 473 1375 At
489 1334 570 1374 certum
585 1346 629 1375 1111
645 1331 729 1375 videtur
740 1329 884 1375 Hebraeorum
900 1329 1008 1385 musicam

110 1404 208 1460 'plurium
230 1418 306 1447 vocum
326 1403 419 1448 mendis
439 1405 532 1448 unisona
553 1405 678 1454 constitisse,
700 1404 781 1447 secluso
802 1406 876 1447 tamen
897 1404 997 1445 1111111111·

114 1476 244 1520 harmonico.
271 1476 328 1520 Nam
344 1480 467 1522 nostrorum
488 1481 610 1535 temporum
626 1480 746 1527 concentus,
768 1476 847 1534 quiex
862 1475 923 1519 varia
939 1478 1005 1519 tonoss

113 1564 162 1591 rum
177 1564 295 1606 vocumque
316 1551 475 1607 comparatione
491 1551 565 1603 oritur,
587 1551 687 1595 Hebraeis
703 1550 789 1607 penitus
804 1550 894 1607 ignotus
910 1550 962 1600 erat,
983 1547 1007 1591 id

114 1621 171 1679 quod
187 1637 235 1665 cum
250 1622 353 1666 hodierno
364 1621 497 1667 Judaeorum
512 1625 536 1667 in
551 1624 667 1682 synagogis
678 1625 742 1667 cantu
758 1623 916 1683 (cantillatione
927 1636 1006 1665 mono-

113 1697 171 1746 tona,
194 1710 256 1752 quem
272 1695 363 1739 canendi
378 1696 467 1740 modum
483 1697 560 1741 Judaei
579 1698 654 1754 procul
673 1698 738 1741 dubio
759 1713 772 1740 a
787 1697 906 1740 maioribus
921 1695 1007 1739 heredi-

114 1767 193 1810 tarium
209 1770 343 1828 acceperunt)
359 1769 467 1813 indicatur
482 1773 529 1814 tum
544 1770 694 1814 instrumentis
709 1770 802 1814 musicae
815 1770 930 1813 Hebraicae
946 1770 1006 1813 subi-

114 1838 173 1886 citur.
194 1840 254 1884 saeta
268 1840 292 1883 in
308 1844 404 1885 uenerat
419 1848 465 1886 nori
477 1843 607 1887 chromatica
622 1844 656 1888 vel
666 1833 825 1894 enharmonica,
842 1843 878 1888 sed
890 1842 1004 1886 diatonica.

113 1912 219 1955 Accentus
234 1915 306 1957 textas
321 1914 463 1967 masorethici,
480 1917 516 1973 qui
532 1916 618 1974 quidem
633 1918 698 1974 positi
714 1920 771 1969 sunt,
787 1920 813 1961 ut
826 1916 929 1960 flexiones
945 1917 1006 1960 vocis

112 1983 136 2026 in
156 1984 303 2029 cantillatione
323 1986 456 2031 Psalmorum
478 1989 502 2032 in
522 1990 639 2048 synagogis
659 1990 788 2039 indicentur.
810 2005 856 2034 non
877 2005 921 2033 esse
941 1992 1006 2033 notas

113 2056 203 2100 musicas
224 2059 362 2116 antiquorum
378 2060 524 2105 Hebraeorum
545 2077 570 2106 ex
590 2064 637 2120 ipsa
657 2066 703 2107 sera
719 2063 804 2121 origine
825 2062 912 2106 illorum
929 2077 1004 2106 accen-

113 2130 174 2170 tuum
190 2133 284 2186 apparet.

123 2312 127 2320 Ι
158 2313 162 2321 ²
173 2254 248 2305 Aliqua
263 2257 288 2296 ad
298 2258 382 2298 canendi
398 2273 462 2311 genus
472 2261 610 2301 Hebraeorum
625 2263 771 2303 illustrandum
781 2262 867 2302 tortasse
883 2262 905 2301 in
915 2261 1004 2312 inscrip-

112 2314 203 2380 tronrbus
218 2317 342 2367 psalmorum
359 2320 428 2367 latent,
446 2334 497 2371 quae
513 2323 582 2362 tamen
598 2325 641 2363 tam
656 2324 752 2364 obscurae
769 2325 823 2370 sunt,
840 2325 865 2363 aa
880 2323 921 2363 iam
937 2324 1005 2363 aetate

112 2375 247 2427 interpretum
259 2379 443 2421 Alexandrinorum
458 2393 500 2422 non
511 2383 684 2435 intellegerentur,
704 2385 756 2424 Sunt
766 2384 802 2435 qui
813 2385 887 2435 putent
903 2384 1003 2423 111111111-

113 2433 160 2497 dum
177 2437 242 2477 varios
259 2440 343 2480 canendi
359 2442 428 2482 modos
445 2443 470 2482 ad
486 2456 576 2483 normam
593 2445 679 2485 aliorum
692 2446 821 2492 cantieorum,
838 2458 890 2495 quae
905 2447 955 2484 nota
971 2444 1004 2483 fu-

112 2497 170 2544 erint,
193 2497 314 2549 significari3
340 2514 493 2554 nonnumquam
516 2506 575 2544 etiam
598 2518 667 2546 vocem
688 2519 770 2558 gravem
792 2506 867 2557 (besso)
889 2507 911 2545 11
933 2518 1003 2546 vocem

112 2557 190 2596 acutam
206 2557 311 2614 (cesareae)
327 2558 417 2612 indicari,
433 2565 490 2604 velut
500 2565 510 2604 Ι
521 2565 559 2604 Otr
573 2572 605 2614 15,
618 2573 667 2610 2111.
683 2567 780 2607 vocabulo
796 2553 916 2610 nausa-sa
932 2579 1004 2606 vocem

102 2628 199 2667 *gravem
215 2621 314 2661 vocabulo
330 2609 432 2669 fllsslt'ffl?
448 2637 518 2665 rocem
534 2630 615 2666 acutam
627 2628 741 2680 significari.

173 2690 298 2733 Centoras
315 2697 336 2741 et
351 2697 484 2737 cantrices
503 2699 525 2738 in
541 2700 635 2740 omnibus
656 2701 708 2741 aulis
723 2714 795 2753 regum
811 2700 895 2740 orientis
911 2700 1004 2741 fuerunt.

112 2748 169 2795 Quod
184 2751 227 2793 loco
243 2754 264 2793 11
280 2755 314 2802 Sm
327 2762 360 2804 19,
373 2761 399 2799 36
417 2758 478 2797 etiam
494 2760 519 2800 de
534 2761 581 2800 aula
592 2758 658 2801 David
674 2762 782 2801 memorias
798 2761 898 2813 proditur.
922 2760 1004 2803 Salomo

103 2812 221 2881 ,sententias
236 2817 257 2853 et
273 2817 361 2856 carmina
377 2817 457 2870 collegit
473 2815 491 2875 (Ι
507 2821 538 2873 Rg
555 2827 573 2870 5,
594 2822 633 2876 12),
650 2824 719 2875 procul
735 2822 798 2862 dubio
815 2822 905 2862 carmina
920 2823 1004 2863 heroica

100 2869 236 2941 1111111111
253 2876 329 2926 bellica,
351 2891 402 2928 quae
423 2876 567 2922 acantoribus
584 2876 713 2926 canebantur.
740 2883 792 2923 Sunt
813 2883 848 2933 qui
864 2885 940 2934 putent
955 2886 1002 2924 mu·

111 2928 169 2993 heres
186 2937 300 2988 intemplo
317 2950 397 2989 quoque
413 2942 574 2991 cantassecum
589 2944 627 2983 Esr
644 2951 662 2994 2,
680 2951 705 2987 65
723 2947 744 2984 11
759 2943 804 2983 Neh
822 2950 840 2996 7,
859 2949 885 2986 67
904 2946 1005 2986 cantrices

112 2987 181 3048 (utam)
198 3000 345 3047 memorentnr3
359 3001 421 3050 =quod
442 3001 477 3041 alii
496 3008 573 3057 negant
594 3007 615 3045 et
635 3004 706 3045 dieunt
726 3005 755 3044 ita
776 3005 874 3057 appellari
895 3010 1005 3046 cantorum

100 3062 182 3152 ἓξοῑὲῑ
203 3057 236 3096 111
253 3057 346 3111 intellegi
362 3061 467 3113 cantrices,
488 3065 580 3116 qualium
600 3065 656 3106 verbi
676 3072 734 3106 causa
750 3065 770 3105 11
791 3066 824 3105 Sm
844 3073 876 3116 19,
895 3074 922 3110 36
944 3082 1004 3111 men-
