2165 3388
101 134 146 179 754
389 129 433 166 Pars
441 129 478 166 111.
498 130 632 176 Antiquitates
645 130 710 167 civiles

100 253 156 305 fons,
180 252 238 297 unde
258 253 305 296 iura
326 252 462 297 ducebantur.
490 252 600 311 Quidquid
619 269 657 311 per
678 269 761 298 morem
782 254 864 307 licebat,
887 253 920 298 ius
940 247 997 306 erati

101 326 208 384 quidquid
224 329 300 370 contra
316 341 397 370 morem
413 326 483 377 fiebat,
499 326 582 369 iniuria
598 329 648 374 ent,

165 400 239 444 Prima
249 399 373 456 perscriptio
383 400 435 443 iuris
442 399 541 443 Hebraici
552 399 624 444 liber
634 400 757 443 foederis
768 400 998 460 (1121222133)

100 473 258 516 existimandus
274 475 313 525 est,
330 473 367 531 qui
383 473 469 517 induas
484 473 682 530 partesdividitur:
699 478 780 524 mestre
797 474 834 533 (ε
850 472 893 532 tus)
909 487 999 517 normas

99 546 154 590 iuris
175 545 254 603 privati
274 549 295 589 et
315 546 396 603 publici
417 548 461 608 (21,
479 550 562 603 1-22,
580 547 617 606 lb)
638 550 660 591 et
676 551 737 597 ΠἻᾉἾ
759 547 796 607 (=
811 546 856 605 fus)
877 548 997 603 praccepta,

100 635 156 677 quae
179 620 206 663 ad
224 619 351 678 religionem
373 622 394 663 et
414 635 482 663 mores
504 621 606 677 spectant
628 619 664 681 (cf.
685 621 775 665 alterum
797 618 874 663 libram
894 619 995 673 foederis,

101 708 166 750 quem
187 694 271 756 1001111
291 692 323 735 ΕΚ
339 697 374 747 34,
393 694 495 754 10-26),
521 694 581 737 Haec
597 695 709 751 praecepta
725 693 850 750 plerumque
865 692 997 749 imperative,

100 767 152 810 illae
168 780 257 809 normae
273 780 355 822 semper
371 766 548 810 condicionaliter
564 766 644 822 scripta
660 767 712 808 sunt
728 765 755 825 (si
770 765 817 823 quis
832 765 873 809 hoc
889 767 927 809 aut
942 764 997 809 illud

101 839 182 891 fecerit,
203 838 260 882 hanc
280 840 317 882 aut
336 839 397 883 illam
417 854 509 896 poenam
530 839 628 898 subibit),
655 838 797 896 Excipiuntur
816 841 901 882 tantum
922 853 997 882 versus

101 917 137 965 21,
156 916 190 960 12.
208 916 241 960 13.
259 915 353 960 15—17.
379 911 418 957 Sed
433 911 593 968 respiciendum
613 913 645 956 cst
665 926 727 956 versu
745 915 772 959 16
794 924 867 955 versus
885 914 995 960 15et17

101 987 160 1030 inter
180 999 202 1029 se
218 984 325 1028 sententia
341 984 476 1029 cohaerentes
492 985 578 1041 dirimi3
600 1000 684 1029 uersum
702 990 729 1033 12
746 985 834 1028 eandem
849 984 929 1029 babere
945 1000 995 1029 sen-

100 1058 193 1103 tentiam
209 1073 274 1115 quarn
290 1072 374 1102 versum
392 1063 430 1110 141
453 1057 551 1102 versibus
569 1061 656 1106 15—17
674 1072 747 1101 versus
764 1062 792 1106 14
807 1060 829 1102 et
846 1062 907 1107 1811.
922 1074 997 1102 rursus

101 1132 211 1176 sententia
233 1131 290 1174 inter
311 1146 333 1175 se
354 1129 490 1174 cohaerentes
505 1130 601 1182 turberi3
623 1131 687 1175 initio
708 1131 775 1189 igitur
794 1132 817 1175 in
833 1133 894 1175 textu
909 1133 997 1175 tantum

100 1220 175 1249 versus
188 1207 248 1252 1411
261 1208 287 1251 1ss
295 1220 320 1251 ss.
336 1204 406 1250 fuisse.
427 1203 503 1261 Neque
513 1218 593 1256 versus,
610 1204 647 1262 qui
663 1218 699 1248 eos
710 1207 834 1262 sequuntur,
850 1208 908 1249 recto
919 1205 996 1248 ordine

100 1277 215 1337 leguntur:
238 1292 310 1322 versus
326 1282 353 1325 21
371 1279 436 1325 1122
457 1279 507 1334 post
523 1292 610 1320 versum
626 1282 654 1325 27
671 1277 780 1321 inserendi
795 1280 855 1331 sunt;
877 1293 950 1322 versus
967 1282 996 1327 23

100 1367 148 1396 non
164 1353 234 1396 versui
251 1356 279 1399 22
295 1351 401 1409 congruit,
418 1350 455 1394 sed
470 1350 497 1394 ad
513 1365 589 1395 sersus
607 1355 633 1399 18
650 1353 672 1394 et
689 1354 717 1399 19
734 1352 835 1408 pertinet;
858 1353 933 1395 contra
948 1343 996 1395 ner·-

99 1441 136 1469 sus
153 1430 183 1472 20
199 1440 283 1469 versum
299 1430 326 1473 27
343 1426 397 1469 liene
413 1424 495 1482 excipit.
509 1449 511 1453 Δ
524 1425 622 1470 Ceterum
638 1425 795 1469 animadvertas
810 1414 890 1469 librum
903 1425 996 1469 foederis

99 1513 148 1542 non
164 1513 241 1554 corpus
256 1499 329 1557 legum
345 1512 369 1541 eo
386 1498 476 1541 consilio
493 1497 583 1550 factum,
603 1499 628 1541 ut
644 1512 679 1541 eae
695 1497 755 1555 leges·
768 1497 794 1541 ad
809 1498 906 1555 singulas
922 1513 997 1542 causas

101 1571 274 1625 transferrentur,
295 1571 329 1615 sed
350 1573 436 1614 tantum
452 1570 603 1614 collectionem
623 1570 759 1627 singularum
775 1571 928 1615 sententiarum
945 1586 997 1619 esse,

162 1644 193 1688 Eo
204 1645 261 1688 libro
276 1644 367 1688 foederis
383 1644 633 1688 Deuteronomium
648 1643 756 1696 innititur,
772 1644 829 1702 quod
844 1644 933 1688 utlibet·
949 1645 996 1688 foe-

100 1717 157 1762 deris
169 1716 250 1754 urende
266 1720 287 1761 et
303 1722 368 1771 nram,
385 1717 416 1761 ita
427 1716 508 1754 sstem
525 1719 547 1760 et
564 1722 612 1771 fl'saq
623 1717 727 1764 continet,
743 1717 910 1762 Deuteronomio
923 1721 996 1762 autem

99 1791 159 1849 leges
169 1790 322 1852 librifoederis
337 1806 383 1834 non
394 1790 520 1848 simpliciter
530 1792 664 1848 repetuntur,
680 1790 717 1834 sed
727 1790 800 1834 multis
815 1791 877 1834 rebus
889 1794 997 1849 augentur

101 1866 301 1912 et'commutantur,
317 1864 437 1920 Praecepta,
454 1878 509 1921 quae
525 1862 553 1907 ad
570 1863 652 1907 cultum
663 1863 761 1907 divinum
771 1863 886 1920 pertinent,
901 1865 997 1922 plurima

100 1937 253 1989 emendantur,
274 1939 389 1994 praecepta,
406 1952 460 1994 quae
476 1936 504 1980 ad
520 1939 554 1980 ius
570 1938 591 1980 et
607 1951 677 1980 mores
693 1939 795 1994 spectant,
817 1936 843 1980 ad
858 1952 940 1982 nouum
956 1937 996 1980 ali-

101 2011 153 2068 quid
169 2010 291 2054 referuntur
307 2011 320 2054 i.
332 2026 348 2054 e.
365 2010 392 2054 ud
407 2010 540 2068 singularem
556 2010 670 2062 rationem,
687 2025 741 2068 qnae
757 2010 795 2066 deo
812 2025 860 2053 cum
876 2014 942 2068 gente
957 2026 997 2055 sua

100 2083 222 2131 intercedit.
249 2083 317 2136 Quare
340 2083 363 2126 in
379 2083 550 2127 Deuteronomio
574 2083 643 2126 multa
658 2085 770 2140 praecepta
791 2083 918 2137 invenimus,
941 2099 997 2141 quae

100 2158 125 2200 in
141 2157 227 2214 legibus
249 2156 301 2200 iuris
316 2156 389 2200 locum
410 2170 455 2199 non
471 2155 560 2207 liabent,
582 2155 618 2199 sed
639 2156 666 2199 ad
682 2156 740 2213 leges
760 2156 804 2199 veri
819 2157 913 2214 rectique
929 2157 996 2214 perti-

100 2234 165 2274 nent:
181 2232 293 2287 praecepta
309 2229 335 2273 de
351 2230 480 2286 pauperibus
497 2231 519 2272 et
535 2229 606 2282 servis,
623 2229 648 2273 de
664 2228 735 2273 uiduis
751 2232 772 2273 et
788 2229 852 2287 orbis,
873 2229 899 2273 de
914 2229 997 2273 Levitis

99 2306 122 2348 et
143 2303 267 2361 peregrinis.
299 2302 377 2346 Totum
400 2316 476 2359 corpus
499 2302 575 2360 legum
596 2302 737 2346 humanitatis
759 2305 780 2345 et
801 2303 925 2346 clementiae
948 2303 996 2359 ple-

99 2392 154 2420 num
170 2380 207 2422 est.

163 2448 250 2494 Codex
273 2448 468 2501 sacerdotalis,
492 2449 529 2506 qui
553 2451 647 2501 vocatur,
670 2463 738 2504 paene
759 2448 815 2492 nihil
830 2449 929 2492 continet
952 2449 996 2492 nisi

98 2524 163 2580 leges,
180 2538 233 2580 quae
250 2523 276 2565 ad
292 2522 373 2566 cultum
389 2521 611 2585 divinumyspectant3
627 2537 675 2565 raro
685 2521 744 2565 ‘iuris
759 2521 844 2578 profani
859 2522 915 2566 ratio
927 2522 995 2566 habe-

99 2600 141 2649 tur,
158 2599 182 2639 ut
198 2611 236 2653 pro
252 2598 310 2639 tonte
326 2596 379 2639 iuris
389 2594 501 2639 habendus
517 2595 553 2639 vix
570 2595 603 2642 sit.
624 2594 739 2651 Proprium
755 2611 830 2652 corpus
841 2596 920 2654 legum,
936 2595 996 2654 quod

100 2671 124 2713 in
141 2685 166 2713 eo
183 2671 220 2722 est,
240 2669 321 2713 thora
337 2668 504 2712 sanctitatis
525 2668 565 2728 (ΙΝ
582 2683 597 2712 c.
616 2668 715 2728 1746)
731 2669 853 2725 appellatur,
874 2666 928 2727 quae
944 2685 996 2727 pro-

99 2743 220 2800 pinquitate
236 2744 328 2801 quadam
342 2742 545 2786 Deuteronomium·
554 2742 649 2799 attingit,
667 2743 688 2786 et
704 2742 761 2800 quod
776 2742 800 2786 in
816 2758 840 2786 ea
855 2746 880 2787 ut
895 2744 920 2787 in
936 2743 995 2787 Den-

99 2816 219 2860 teronomio
239 2816 311 2868 inulta,
333 2832 386 2875 qum
407 2816 433 2859 rid
449 2830 520 2858 mores
542 2817 569 2865 et,
579 2815 631 2859 iuris
648 2814 783 2872 disciplinam
798 2816 912 2873 pertinent,
933 2832 996 2873 prae-

99 2890 215 2947 cipiuntur,
232 2904 302 2947 eaque,
320 2903 373 2947 quae
388 2888 411 2932 in
427 2888 538 2945 prioribus
553 2888 638 2943 legibus
653 2902 739 2949 prorsus
754 2888 797 2932 fere
812 2889 910 2947 neglecta
926 2893 995 2941 erant,

98 2967 120 3008 et
136 2962 194 3021 quod
210 2967 320 3019 praecepta
335 2977 421 3018 prorsus
437 2960 512 3004 eadem
534 2965 585 3004 sunt
600 2961 738 3005 humanitate
754 2976 778 3004 ac
790 2961 994 3006 'Deuteronomium

161 3035 214 3080 Cum
229 3035 262 3081 lex
278 3036 370 3079 llosaica
385 3050 473 3092 parram
489 3037 577 3077 tantum
593 3038 677 3090 partem
693 3034 748 3078 uitae
764 3036 883 3079 communis
900 3035 927 3079 ad
943 3051 995 3079 nor-

98 3125 157 3153 mam
178 3109 284 3166 dirigeret,
306 3109 346 3152 iuri
367 3107 530 3153 consuetudinis
552 3107 608 3151 latus
631 3122 719 3164 campus
741 3107 825 3152 relictus
845 3111 895 3151 erat.
922 3108 995 3152 Velie-

99 3185 183 3227 menter
199 3184 270 3226 autem
282 3182 397 3226 dolendum
413 3184 451 3235 est,
468 3180 528 3239 quod
544 3181 566 3224 id
583 3181 615 3225 ius
632 3181 788 3238 antiquioribus
799 3182 931 3238 temporibus
948 3196 996 3234 non,
