2147 3361
411 66 524 115 Tempomm
537 65 638 114 descriptio
927 66 974 110 fita

83 199 202 260 superficies
218 199 284 241 terrae
300 192 406 236 exsiccata
426 193 447 233 et
462 190 495 233 die
510 189 608 234 vicesimo
625 188 716 246 septimo
732 186 812 231 mensis
829 185 915 230 secundi
934 201 971 242 pe-

82 256 141 320 nitus
161 270 255 316 arefacta
274 268 320 310 erat
341 264 377 324 (ib.
398 278 417 310 r.
436 264 501 323 les).
526 263 600 320 Itaque
623 277 648 306 ex
671 262 734 306 saeris
756 261 834 304 litteris
855 258 974 303 inundatio

83 361 164 392 annum
179 343 270 388 solarem
286 339 330 383 sire
341 338 385 385 365
401 335 446 379 dies
463 336 547 379 durasse
563 336 646 380 videtur
661 336 674 378 i,
685 350 701 379 e.
718 350 800 379 annum
813 335 911 377 lunarem
928 332 975 375 sive·

66 426 67 429 ’
83 423 128 469 354
144 418 187 461 dies
204 414 281 458 additis
296 410 396 454 undecim
412 408 486 452 diebus
503 411 524 466 (a
540 409 572 452 die
588 409 678 465 septimo
695 408 775 452 decimo
793 407 873 450 mensis
884 404 973 449 seeundi

83 505 149 548 usque
165 488 191 532 ad
207 486 263 530 diem
279 484 403 529 vicesimum
419 482 534 538 septimum
549 482 628 525 mensis
644 482 729 525 secundi
747 481 800 524 anni
816 479 941 538 sequentis).

144 562 222 606 Omnes
238 560 313 617 gentes
329 556 356 599 ad
371 558 455 612 tempus
471 554 603 597 metiendum
618 569 690 598 mense
706 570 755 597 usae
766 557 824 606 sunt,
841 567 973 610 quamquam

83 651 144 693 saepe
159 647 254 677 mensem
264 629 402 673 artificiosum
418 642 457 684 pro
468 627 562 670 naturali
576 629 688 683 usurpatae
699 633 754 670 sunt.
771 626 846 670 Gentis
857 626 976 669 Hebraieae

83 722 162 753 menses
179 704 232 766 (tripu
248 703 282 746 vei
298 706 331 750 Πῖιῑ
347 701 373 744 ot,
385 699 446 744 Aeth.
458 700 534 754 ιαανιή,
552 700 622 755 Assya
634 700 697 759 οινήιι)
713 701 774 743 erant
790 700 877 744 turtures
892 699 906 745 i.
917 714 934 745 e.
951 699 974 745 id

83 779 185 837 temporis
200 778 293 834 spatium
303 773 518 831 oomprehendebaut
534 786 577 830 quo
588 772 640 815 iuna
656 772 680 815 in
691 786 753 815 ceusu
769 787 807 815 suo
824 788 836 814 a
852 772 903 816 solis
920 786 973 815 oon-

83 853 193 897 iunatione
213 851 307 908 digressa
326 862 398 890 rursus
420 846 447 889 ad
467 862 514 890 eam
534 846 650 890 revertitur.
678 844 738 897 Quod
759 846 854 901 spatium
870 849 898 893 29
920 845 972 897 dies,

85 931 113 974 12
129 926 198 975 horas,
221 923 262 974 442
283 921 309 970 3⁸
332 920 417 982 (rectius
439 920 512 979 282⁸)
533 919 636 962 eontinet.
664 917 732 971 Quare
747 918 838 961 Hebraei
858 933 895 974 per
916 919 973 961 vioes

84 997 192 1041 mensibus
212 996 304 1053 triginta
324 994 357 1037 vel
377 993 526 1051 undetriginta
546 991 589 1035 dies
608 991 752 1050 assignabant.
781 991 861 1034 Mensis
882 991 974 1049 triginta

85 1070 166 1113 dierum
174 1070 252 1126 pierius
268 1059 316 1128 (ζιελ-λ
335 1066 384 1119 W,
402 1073 440 1129 μὴν
452 1067 548 1128 πλήρης),
564 1065 643 1108 mensis
654 1064 802 1121 undetriginta
818 1063 899 1107 dierum
910 1078 976 1108 curus

85 1145 135 1200 (teu
151 1146 201 1194 ΨἿΠ,
218 1148 257 1202 μήν
273 1141 355 1199 κοῖλος)
372 1140 493 1185 vocabatur.

145 1214 239 1257 Mensem
255 1220 326 1256 autem
342 1212 485 1256 Hebraeorum
503 1226 552 1255 oum
567 1211 621 1254 iuna
632 1225 738 1254 conexum
754 1224 799 1253 esse
814 1210 858 1253 iam
874 1225 899 1253 ex
911 1225 977 1253 voea-

85 1289 135 1332 buio
151 1288 201 1340 ΨἻΠ,
217 1287 275 1345 quod
290 1290 312 1330 et
327 1301 404 1330 raonem
420 1287 494 1337 irruam
512 1285 564 1345 (Nm
581 1290 615 1337 29,
632 1290 652 1332 6.
669 1284 679 1328 Ι
695 1283 731 1328 Sin
747 1288 781 1336 20,
799 1286 818 1331 5·
835 1287 869 1330 18,
886 1287 921 1330 24.
938 1283 974 1340 ar)
991 1341 992 1344 Ἴ

85 1367 107 1405 et
122 1375 209 1404 urorrsem
226 1360 267 1421 (Gn
284 1364 318 1411 29,
336 1364 371 1407 14.
392 1358 435 1402 Nm
453 1363 487 1411 ri,
504 1364 556 1406 208.
578 1358 623 1402 Hos
640 1361 659 1411 ι’),
676 1362 695 1404 7.
712 1357 747 1416 al.)
765 1357 880 1415 signifieat,
902 1357 979 1413 colligi

85 1435 160 1490 potest.
186 1432 245 1476 Idem
261 1432 295 1477 Sir
310 1437 345 1484 43,
362 1436 421 1480 6-8
442 1433 530 1475 obscure
550 1431 668 1475 indicatur:
690 1430 717 1476 Ἡ
734 1436 811 1492 σελήνη
832 1433 853 1478 ἐν
869 1433 929 1477 πᾶσιν
946 1431 975 1482 εἰς

85 1512 155 1564 καιρὸν
176 1506 239 1568 αὐτῆς
259 1508 358 1557 ἀνάδειξιν
374 1506 453 1566 χρόνων
473 1511 508 1551 καὶ
529 1515 612 1566 σημεῖον
628 1505 707 1557 αἰῶνος,
728 1507 768 1550 απὸ
785 1509 875 1565 σελήνης
891 1515 975 1565 σημεῖον

87 1580 164 1641 ἑορτῆς,
181 1585 265 1639 φωστὴρ
277 1584 395 1640 μετάλμενος
411 1580 443 1624 ἐπὶ
454 1582 567 1630 συντελείας
579 1615 583 1623 .
596 1584 635 1639 μήν
651 1582 705 1624 κατά
722 1584 743 1623 rb
761 1578 826 1637 ὄνομα
838 1578 900 1637 αὐτῆς
916 1579 974 1629 ἐστὶν,

87 1653 220 1711 αὐξανόμενος
243 1656 369 1712 θαυμαστῶς
391 1652 411 1698 ἐν
427 1654 543 1698 ἀλλοιώσει.
571 1650 637 1703 duem
660 1654 743 1693 textum
765 1650 831 1694 etiam
852 1650 978 1709 fragmenta

87 1725 190 1768 Hebraioa
205 1724 308 1777 Siraoidis
324 1740 377 1783 quae
393 1727 467 1769 nostra
478 1727 546 1768 aetate
562 1725 650 1768 inventa
662 1733 718 1777 sunt,
734 1723 842 1768 exhibent.
865 1724 976 1768 Praeterea

86 1797 193 1841 nonnulla
214 1797 314 1841 historiae
337 1798 465 1841 dooumenta
486 1798 594 1849 habemus,
622 1798 699 1855 quibus
721 1788 816 1841 mensem
838 1796 977 1850 Judaeorum,

87 1870 159 1914 saltem
175 1871 308 1927 temporibus
323 1871 406 1926 imperii
422 1870 556 1923 Graecorum,
578 1871 677 1914 lunarem
693 1870 758 1914 fuisse
773 1871 881 1927 probatur.
910 1871 978 1914 Velut

86 1942 149 1985 Philo
161 1942 202 2003 (De
212 1943 256 1986 vita
268 1942 336 1986 Mosis
346 1944 360 1989 i.
372 1949 391 1991 ‘.
403 1944 490 2000 oppii,
504 1945 555 2003 169)
566 1943 660 2000 primum
671 1958 765 1987 mensem
777 1943 803 1986 ad
815 1957 901 1986 oursum
912 1943 979 1987 lunae

39 2019 40 2022 ’
88 2015 272 2060 accommodatum
292 2016 356 2059 fuisse
375 2016 479 2063 affirmat:
502 2027 529 2076 τῷ
547 2021 592 2077 μηνὶ
609 2023 674 2076 τοὺτῳ
694 2023 738 2076 περὶ
754 2021 979 2077 τεσσαρεσκαιδεκάτην

87 2092 170 2152 ἡμέραν,
188 2092 302 2150 μέλλοντος
317 2099 352 2137 τοῦ
368 2094 491 2152 σεληνιακοῦ
506 2094 586 2137 asara
602 2096 694 2148 ηἰνεσδαι
709 2094 846 2152 ττλησιραοῖις,
862 2092 933 2149 ἄγεται
948 2096 974 2137 τὰ

87 2165 211 2223 διαβατήρια,
232 2166 353 2224 δημοφανής
373 2163 440 2225 ἑορτή,
462 2170 484 2210 τὸ
502 2164 616 2210 tartarea
637 2165 744 2224 λεγόμενον
765 2171 843 2225 πάσχα.
869 2163 930 2207 Idem
951 2162 979 2205 de

87 2233 195 2277 mensibus
210 2234 279 2291 primo
295 2238 316 2278 et
332 2235 421 2291 septimo
437 2235 543 2293 Josephus
559 2238 655 2280 testatur.
682 2236 738 2280 Nam
753 2237 787 2279 Α]
804 2242 824 2293 2,
843 2240 876 2285 ib.
892 2241 906 2284 2
924 2236 980 2280 dicit

87 2307 194 2350 Hebraeos
210 2308 333 2365 Aegyptum
354 2308 463 2365 reliquisse
482 2324 555 2353 mense
571 2310 680 2356 Xanthioo
701 2311 746 2370 (qui
761 2310 830 2354 mensi
849 2310 917 2366 primo
934 2310 976 2353 He-

86 2379 206 2431 braeorum,
223 2380 297 2433 Nisan,
313 2381 436 2441 respondet)
452 2386 623 2444 πεντεκαιδεκάτη
637 2389 691 2429 κατὰ
703 2388 795 2444 σελήνην,
813 2385 834 2426 et
844 2383 872 2430 ib,
884 2388 903 2435 3,
917 2387 951 2431 10.
963 2387 979 2431 ἓν

86 2453 165 2510 paseha
176 2468 220 2496 esse
231 2453 379 2497 celebrandurn
394 2470 466 2498 mense
476 2455 585 2500 Xanthioo
597 2461 806 2517 τεσσαρεσκαιδεκάτη
818 2461 871 2502 κατὰ
881 2460 979 2518 σελήνην.

88 2525 119 2568 De
135 2526 225 2582 septimo
246 2529 317 2570 autem
333 2542 411 2580 mense,
431 2528 488 2572 Tisri
504 2529 547 2573 sive
563 2529 741 2587 Hyperboretaeo,
762 2529 791 2576 ib.
807 2534 827 2581 3,
846 2533 879 2577 10.
896 2532 910 2575 3
931 2544 979 2572 me-

87 2599 167 2643 moriae
187 2600 258 2656 prodit
279 2615 353 2645 amnes
373 2604 449 2663 δεκάτη
470 2613 506 2649 τοῦ
526 2604 588 2651 αὐτοῦ
609 2611 673 2665 ρηνος
694 2610 745 2649 κατά
765 2608 852 2664 σελήνην
873 2602 980 2645 ieiunium

88 2687 186 2718 servasse.
212 2671 293 2726 Quibus
303 2674 434 2718 testimoniis
449 2677 583 2720 narrationes
593 2676 766 2720 taimudistarum
782 2678 846 2733 atque
858 2676 980 2720 sententiae

88 2745 219 2789 Judaeorum
234 2747 356 2803 posterioris
367 2749 448 2802 aeratis,
465 2765 518 2807 quas
529 2750 628 2794 ooiieotas
643 2750 734 2806 reperies
749 2749 774 2792 in
790 2748 818 2794 M.
829 2748 911 2807 Hagen,
928 2748 980 2792 Lex.
1029 2739 1030 2742 Ἴ

87 2817 139 2865 bibl,
155 2818 195 2871 ΠΙ,
217 2824 266 2874 158,
287 2820 336 2864 addi
351 2824 447 2877 possunt,
473 2822 503 2867 Ar
519 2823 543 2867 in
558 2834 627 2868 vetere
643 2824 769 2867 testamento
790 2822 855 2865 etiam
870 2821 979 2865 nonnulla

88 2890 179 2947 vestigia
199 2893 243 2937 eius
258 2894 289 2937 rei
306 2894 500 2950 deprehenduntur,
522 2897 579 2954 quod
590 2896 696 2940 'Hebraeis
712 2895 806 2952 antiquis
827 2895 876 2939 sotis
892 2910 981 2953 quoque

88 2965 164 3007 maraste
174 2964 265 3024 triginta
276 2967 359 3012 dierum
374 2968 386 3014 i.
398 2984 414 3012 e.
431 2983 456 3012 ea
472 2969 548 3014 divisio
560 2970 617 3022 anni,
634 2984 676 3027 qua
691 2969 755 3012 tunae
770 2968 832 3012 nulla
842 2967 896 3011 ratio
912 2967 981 3012 habe-

88 3041 129 3089 tur,
148 3040 201 3081 nota
221 3043 271 3085 erat.
297 3041 363 3085 Velut
382 3057 436 3100 gens
451 3043 555 3088 Hebraioa
575 3046 666 3087 mortem
682 3040 747 3085 diesis
767 3041 859 3098 triginta
881 3041 925 3084 dies
946 3042 981 3086 vei

88 3122 183 3153 mensem
204 3111 294 3157 solarem
312 3114 373 3173 luget
393 3115 431 3174 (Dt
447 3121 482 3170 34,
499 3116 528 3176 8),
555 3116 622 3160 Deoas
641 3115 679 3158 iila
698 3114 777 3158 dierum
799 3114 872 3175 (ittet),
896 3115 922 3159 de
939 3131 984 3173 qua
