2165 3388
107 114 154 158 350
404 109 450 146 Pars
465 109 479 152 1,
503 109 636 156 Antiquitates
649 122 709 148 sacrae

175 237 293 283 3Quaenam
310 236 371 288 stirps
382 236 469 276 >nomine
485 238 561 291 hyssopi
578 234 766 294 (intonaretur
784 234 885 294 tauerner)
901 238 924 278 in
942 237 1005 278 sacris

107 298 186 339 litteris
207 297 344 349 intellegatur,
365 297 386 337 in
405 299 544 340 controversia
563 300 599 340 est.
633 300 699 351 Atque
714 311 755 339 non
773 312 818 339 eam
834 298 921 351 stirpam,
944 312 1005 350 quam

107 373 145 401 nos
163 358 222 399 hodie
237 371 259 398 eo
275 358 359 398 nornine
379 359 513 411 appellamus,
533 360 565 400 sed
583 361 672 412 speciem
688 360 791 412 quandam
811 361 886 413 orpora
907 358 1004 415 (fortasse

108 421 221 477 Oripoparn
231 432 290 459 mora
301 416 336 475 L.)
353 417 449 460 uocabulo
458 420 563 461 »Hebraico
579 421 691 474 significari
706 420 819 461 verisimile
834 422 869 464 est.
894 421 918 460 Id
936 422 1004 461 tamen

108 483 191 533 constat
207 480 237 521 illi
251 480 293 521 vim
311 481 411 533 purgandi
431 481 534 522 tributam
549 495 604 530 esse3
628 495 688 533 quare
704 482 727 522 ad
743 481 854 534 aspergilla
874 482 1004 531 conficienda,

108 543 134 583 ad
150 543 240 594 leprosos
260 542 384 594 purgandos,
405 542 429 582 ad
445 543 562 584 lustrandas
578 556 612 583 res
630 544 722 583 contactu
738 543 842 590 cadaveris
862 543 953 595 pollutas
970 543 1004 583 ad·

107 604 224 644 hibebatur.
249 602 275 642 df.
294 602 396 655 Origen.
412 603 474 644 Hom.
492 610 510 648 8.
525 605 546 644 in
560 604 595 645 hv.
613 601 625 649 ἕ
644 610 676 647 io.
689 603 751 644 'MSG
771 610 805 652 12,
824 610 871 662 503.

173 701 250 754 taqua
266 702 311 748 crica
328 703 359 741 est
374 715 425 754 aqua
440 702 542 754 perennis,
559 702 627 753 qualis
644 704 675 742 est
689 701 778 742 fontium
795 703 816 742 et
831 702 946 751 fluviorum,
964 714 1005 741 non

107 770 118 802 5
135 762 230 802 eisternis
246 763 266 802 55
282 775 381 814 aquarum
401 763 553 804 collectionibus
570 764 647 803 hausta
667 759 699 820 (cf.
715 763 745 803 Gn
765 758 906 811 26,'13.'der
924 769 945 811 2,
964 762 1005 814 13).

175 862 183 888 ⁵
198 861 376 914 Hieronymus
392 863 467 902 domm.
483 863 505 902 in
520 862 545 902 m
561 846 596 910 27,
617 843 636 904 5.
653 861 708 901 1181
725 867 760 907 24,
781 866 835 904 243:
851 860 940 909 „Codrus
951 890 955 898 .

108 923 191 975 lignum
208 922 338 974 imputribile
354 924 387 965 est.
410 922 437 962 Of.
455 922 533 964 Basil.
547 922 608 962 Hom.
625 923 647 962 in
663 923 688 961 Ps
705 927 738 964 23.
755 920 766 966 ἓ
787 929 805 965 5.
826 922 884 961 1131}
901 927 938 970 29,
957 928 1005 964 293.

108 983 264 1024 Theodorei.
281 984 356 1024 Comm.
373 982 396 1023 ad
411 984 439 1023 az
460 991 493 1033 17,
511 989 543 1026 22.
558 983 586 1026 ib.
606 989 641 1033 81,
659 989 705 1025 363.

176 1081 184 1108 ὓ
195 1081 259 1120 Aliam
270 1080 461 1131 interpretationem
473 1079 557 1131 legimus
569 1079 626 1131 apud
636 1079 736 1131 August.
748 1079 830 1126 Quaest.
841 1079 862 1119 in
869 1079 1005 1130 Heptateuch.

108 1133 122 1183 l.
141 1149 161 1184 4.
178 1155 212 1193 qu.
229 1148 261 1184 33.
283 1141 345 1180 1181
361 1146 393 1189 34,
411 1146 469 1183 734:
491 1140 588 1192 „Lignum
606 1141 706 1180 cedrinam
721 1153 770 1191 spes
787 1142 823 1189 est,
840 1153 888 1191 quae
905 1140 969 1181 debet
984 1141 1007 1181 in

109 1203 204 1254 supernis
218 1202 304 1242 firmiter
321 1201 413 1241 habitare.
447 1201 550 1253 Hpssopas
570 1201 628 1249 fides,
650 1214 701 1253 quae
720 1194 768 1241 cum
790 1201 818 1242 sit
837 1202 898 1241 herba
913 1201 1005 1251 humilis,

109 1263 214 1304 radicibus
229 1264 300 1303 haeret
316 1262 338 1302 in
353 1263 414 1314 petra.
443 1261 545 1302 Ooocirnou
561 1262 643 1310 caritas,
661 1262 712 1314 quod
728 1261 829 1303 fervorem
845 1263 930 1314 spiritus
947 1262 1006 1315 igneo

109 1326 177 1365 colore
193 1325 301 1364 tesana-r.

176 1422 330 1474 ⁷Origenes,
347 1422 402 1462 Hom.
420 1427 439 1464 8.
458 1421 480 1460 in
496 1421 530 1461 Lr.
546 1422 556 1469 ἓ
575 1424 615 1464 11(
628 1421 688 1461 11ss}
701 1428 734 1470 12,
747 1428 804 1465 505:
821 1421 877 1472 „Non
893 1421 973 1461 sufficit
988 1422 1006 1461 ei

110 1481 200 1540 (leproso
220 1479 300 1539 sanato)
324 1484 370 1535 post
390 1482 554 1535 purificationem
574 1482 611 1523 rel
632 1482 753 1524 vestimenta
777 1482 850 1523 lavisse
870 1483 902 1523 vei
926 1496 1006 1523 omnem

109 1545 178 1597 pilum
195 1545 265 1584 rasisse
282 1544 325 1584 nisi
340 1546 361 1584 et
375 1544 428 1584 lotus
445 1543 509 1583 fuerit
524 1544 544 1583 in
559 1556 619 1595 aqua.
653 1544 735 1595 Oportet
755 1556 844 1594 namque
862 1557 907 1583 eum
927 1544 1007 1584 abicere

110 1619 182 1647 omnes
199 1605 270 1655 sordes,
289 1617 370 1645 omnem
385 1603 542 1654 immunditiam,
561 1617 604 1644 non
621 1604 687 1644 solum
702 1605 725 1644 de
741 1604 875 1653 vestimentis,
892 1605 930 1653 sed
947 1610 967 1644 et
983 1604 1007 1645 de

110 1667 195 1719 proprio
217 1679 305 1717 corpore,
328 1667 353 1706 ut
372 1666 428 1706 nulla
450 1665 474 1704 in
494 1678 516 1705 eo
536 1665 619 1705 macula
638 1665 744 1707 exstinctae
767 1666 835 1718 leprae
855 1665 962 1708 resideat“.
978 1690 1007 1695 —-

110 1728 228 1777 Thomas,
245 1727 263 1767 S.
274 1727 305 1766 th.
324 1734 341 1776 1,
355 1733 372 1769 2.
388 1739 421 1779 qu.
441 1732 491 1769 102.
508 1740 523 1766 a.
536 1732 553 1768 5.
570 1726 596 1766 ad
610 1733 634 1770 7:
650 1739 684 1776 „eo
699 1727 754 1778 quod
772 1727 829 1778 lepra
844 1726 893 1778 pilos
910 1727 1007 1777 corrodit,

110 1789 233 1829 vestimenta
248 1787 368 1839 coinquinat
382 1790 402 1827 et
417 1787 497 1827 foetida
511 1786 599 1827 reddit“.

177 1885 299 1937 8Sanguine
316 1884 407 1925 victimae
423 1887 446 1925 55
463 1884 506 1924 5155
523 1884 614 1939 oblinerc
630 1886 688 1925 vetus
703 1884 807 1937 lustrandi
822 1885 872 1925 ritus
889 1887 928 1935 est,
947 1898 1007 1937 quem

110 1945 168 1997 apud
187 1946 311 1998 Babylonios
334 1959 411 1996 quoque
433 1945 552 1995 invenimus,
573 1945 613 1985 ubi
634 1944 730 1997 imprimis
754 1945 823 1986 oleum
845 1946 962 1998 saepissime
983 1947 1007 1986 ad

110 2006 243 2047 lustrationes
258 2006 399 2046 adhibebatur.

174 2111 316 2156 immunditia
332 2112 414 2169 leprosi,
431 2111 471 2170 qui
487 2111 544 2169 [luasi
559 2113 672 2155 mortuum
686 2101 809 2155 membrum
824 2111 955 2156 theocratiae
971 2128 1006 2157 ex-

111 2185 177 2238 st'tit,
193 2186 300 2242 sanguine
317 2185 361 2229 avis
375 2184 502 2229 immolatae
517 2184 634 2237 delebatur,
655 2186 676 2228 et
690 2187 714 2228 ut
729 2189 855 2242 recuperata
869 2186 928 2230 salus
944 2188 1008 2244 atque

110 2258 201 2302 libertas
221 2258 290 2302 civilis
311 2258 447 2311 indicaretur,
469 2259 534 2302 altera
548 2258 601 2310 avis,
623 2257 724 2316 sanguine
739 2257 842 2315 primoris
856 2260 969 2313 mundata,
984 2260 1008 2303 in

111 2347 192 2390 agrum
208 2331 356 2376 dimittebatur
365 2335 378 2376 1.
409 2331 508 2389 Reliquis
523 2331 634 2375 sacrificiis
650 2333 754 2389 purgatus
770 2336 854 2376 runaum
869 2333 892 2377 in
908 2347 1008 2376 commu-

111 2406 203 2449 nionem
219 2405 314 2449 civitatis
330 2404 473 2449 theooraticae
493 2404 641 2462 recipiebatur.
673 2402 732 2457 Quod
748 2406 776 2448 ut
791 2405 855 2458 fieret,
873 2408 949 2449 totum
964 2406 1009 2449 eius

111 2474 191 2535 corpus
207 2478 233 2521 ad
247 2478 270 2521 id
286 2480 371 2535 tempus
390 2470 503 2522 mortuum
518 2467 641 2536 ungebatur
650 2482 665 2534 2,
685 2477 769 2522 hostiae
784 2466 828 2536 pro
840 2478 914 2523 delicto
933 2481 955 2522 et
970 2494 1008 2536 pro

111 2554 202 2609 peccato
218 2554 315 2611 (propter
323 2551 490 2606 ,immunditiam
501 2552 601 2609 corporis,
619 2565 672 2608 quae
682 2551 776 2604 efficitur
786 2554 875 2609 peccato,
891 2567 941 2595 non
952 2552 1009 2609 quod

111 2626 174 2682 lepra
185 2639 264 2682 semper
275 2639 347 2681 poena
358 2625 448 2669 alicuius
460 2625 540 2669 sceleris
551 2640 564 2667 a
574 2624 661 2681 leproso
673 2624 782 2669 commissi
791 2625 915 2685 putabatur)
934 2616 1009 2668 offere-

110 2700 199 2751 bantur,
215 2698 308 2756 denique
324 2697 451 2742 holocausto
467 2698 581 2742 mundatus
600 2697 663 2741 deum
678 2692 747 2742 denuo
766 2698 834 2742 colere
848 2698 973 2756 incipiebat.

179 2801 272 2840 1110111
280 2812 314 2849 as,
331 2800 348 2840 S.
365 2801 391 2842 th.
411 2809 428 2850 1,
448 2807 468 2843 2.
485 2807 579 2852 qu.102.
598 2814 616 2839 a.
630 2808 648 2843 5.
664 2801 688 2840 ad
700 2808 723 2844 7:
740 2801 826 2850 „Passer
841 2801 898 2841 rivus
916 2800 1009 2841 advolare

112 2862 225 2902 dimittitur
245 2863 268 2902 in
285 2875 363 2914 agrum,
384 2863 433 2914 quia
456 2862 544 2913 leprosus
565 2862 712 2902 restituebatur
732 2861 834 2914 pristinae
854 2861 964 2902 libertati“.
980 2885 1009 2889 -

112 2923 249 2974 Origenes,
265 2923 327 2964 Hom.
345 2929 362 2966 8.
378 2924 398 2963 in
414 2924 452 2964 ΙΝ.
470 2921 481 2968 ἓ
499 2929 530 2965 10.
545 2922 609 2962 ursa
628 2928 661 2973 12,
678 2928 729 2966 503:
753 2922 864 2972 „Videntur
878 2923 932 2963 mihi
948 2923 1009 2962 etiam

111 2985 147 3024 hic
169 2984 218 3023 duae
239 2984 329 3037 gallinae
350 2985 423 3025 habore
448 2983 603 3024 similitudinem
625 2983 724 3035 quandam
748 2984 836 3024 duorum
856 2984 966 3033 hircorum,
987 2996 1009 3023 ex

112 3044 190 3096 quibus
205 3058 257 3085 unus
271 3044 354 3085 domino
370 3046 460 3093 offertur,
478 3045 527 3084 alius
542 3045 564 3083 in
580 3057 671 3084 eremum
686 3045 802 3093 emittitur,
818 3044 846 3084 ita
861 3045 924 3084 etiam
941 3047 962 3085 55
978 3045 1009 3083 hic

112 3120 137 3146 ex
150 3106 227 3147 [luobus
242 3105 328 3158 gallinis
345 3120 383 3147 una
398 3106 519 3147 immolatur
533 3107 553 3145 et
569 3106 612 3145 alia
626 3104 649 3144 in
660 3119 753 3158 campum
771 3104 898 3146 dimittitur‘t
911 3129 943 3134 -
954 3106 1010 3145 Com-

112 3167 216 3219 parandus
232 3169 262 3208 est
279 3180 325 3207 mos
341 3167 374 3207 ille
390 3167 484 3207 Arabum
499 3168 638 3218 antiquorum,
657 3180 678 3206 eu
694 3180 733 3219 quo
752 3166 816 3207 vidua
831 3179 899 3207 rursus
918 3168 1009 3218 nuptura
