2107 3321
941 43 946 56 1

345 71 411 108 Fontes
424 66 565 113 arclraeologiae
576 62 654 102 biblicae
917 61 944 105 31

54 219 90 260 41,
103 212 192 251 72—80
209 201 301 254 legimus,
318 197 371 250 quod
387 208 444 250 spem
462 193 520 233 affert
537 192 622 232 alterum
634 189 736 240 exemplar·
747 187 873 228 celeberrimi
884 185 945 228 huius

56 266 184 314 monumenti
200 263 222 303 in
238 260 325 312 acropoli
341 259 439 298 Susorum
455 253 544 295 inveniri
560 265 623 304 posse.
862 309 865 317 A

116 325 212 369 Altitudo
234 322 334 362 columnae
354 320 385 358 est
407 322 457 359 2⁵25
470 330 497 364 m,
518 313 613 353 circuitus
630 311 721 363 superior
743 316 789 353 1'65
802 324 828 358 m,
849 311 945 351 circuitus

54 390 139 433 inferior
158 392 205 430 190
218 398 248 432 m3
265 381 340 434 effigies
356 378 447 418 eminens
465 382 513 418 0¹65
525 388 546 414 m
562 374 735 430 0111019600]
753 372 795 411 lata
811 372 847 411 est.
873 372 945 412 Tertus

57 450 198 501 inscriptionis
214 459 235 485 in
251 449 277 486 49
293 438 339 496 (50)
356 439 460 479 columnas
472 436 551 476 divisus
566 436 602 483 est,
619 447 704 485 quarum
722 439 748 475 21
768 432 791 472 in
806 433 863 484 parte
874 433 944 481 antica,

56 512 147 562 reliquae
168 509 190 548 in
210 506 267 558 parte
287 501 362 553 postica
383 500 438 540 sunt.
470 496 495 536 111
515 495 560 550 basi
579 495 641 547 partis
662 495 740 534 aulicae
759 500 770 535 5
791 490 822 550 (6)
842 494 945 535 columnae

56 571 172 623 exsculptae
189 565 273 607 suntet
289 562 339 613 lapis
353 559 431 613 politus
449 558 486 606 est,
503 556 558 608 quod
573 569 595 596 eo
611 555 693 595 consilio
710 555 789 595 iactum
804 568 848 595 esse
858 555 944 603 videtur,

56 635 79 674 ut
95 630 187 682 spatium
208 627 236 667 sio
255 624 395 677 praeparatum
416 618 571 670 inscriptionem
591 629 663 657 nouam
683 616 784 667 reciperet
804 629 886 667 eamque
902 617 945 657 eius

56 693 108 734 renis
123 689 265 735 Elamitarum,
287 684 322 735 qui
341 682 430 734 lapidem
451 679 521 731 rapuit
542 679 631 729 Susaque
650 677 805 728 transportauit.
836 677 904 730 Imago
923 678 945 717 iu

57 726 161 805 superiore
181 748 254 800 lapidis
275 747 331 798 parte
351 742 457 793 exsculpta
478 734 552 789 damas,
575 739 633 778 deum
654 737 707 785 solis,
730 737 753 775 in
774 739 823 778 solio
844 739 945 779 sedentem

54 812 154 860 ostendit,
170 811 217 850 ante
234 820 293 859 quem
308 802 441 854 Hammnrapi
459 802 500 840 stat
516 801 611 847 attentus,
627 799 650 838 nt
663 797 753 846 videtur,
770 798 795 838 ad
811 798 842 839 dei
857 800 944 839 instrue·

54 875 139 915 tionem.
171 871 225 917 uuae
247 867 312 919 imago
332 864 414 905 minime
436 865 507 902 tamen
529 860 696 912 comparationem
719 859 775 900 inter
797 859 883 909 modurn,
905 873 945 912 quo

56 934 107 975 illesi
127 934 151 973 in
171 932 240 971 monte
256 927 310 970 Sinai
330 927 360 965 lex
376 939 388 964 a
403 923 470 964 Jahue
487 923 534 962 data
550 924 586 971 est,
608 923 628 961 et
644 933 683 971 quo
700 932 736 960 rex
752 920 874 972 Babyloniae
891 921 945 974 leges

55 1010 68 1035 a
85 989 156 1036 damas
173 990 254 1042 accepit,
268 988 339 1028 babet.
368 986 422 1025 Nam
444 984 554 1024 secundum
573 982 679 1034 prologum
694 982 840 1042 etvepilogum
860 982 945 1034 inscrip-

56 1055 118 1096 tionis
134 1050 268 1100 Hemmurapi
289 1049 313 1088 ab
328 1048 362 1097 Ea,
384 1046 421 1087 deo
438 1045 514 1097 abyssi,
535 1042 638 1094 sapientia,
654 1045 675 1083 et
691 1056 703 1081 a
719 1043 796 1091 Samus,
815 1042 881 1083 iudice
897 1044 945 1083 caeli

54 1117 77 1156 -et
87 1118 159 1161 terrae,
175 1111 255 1154 iustitia
269 1109 358 1151 imbutus
375 1109 412 1156 est,
430 1106 508 1157 quibus
519 1104 577 1144 donis
593 1104 705 1144 instructus
722 1104 768 1156 ipse
784 1104 838 1156 leges
854 1104 945 1156 scripsit;

56 1187 158 1225 nusquam
174 1167 244 1213 Samad
260 1172 319 1210 deum
334 1169 372 1209 sibi
387 1169 445 1219 leges
462 1167 548 1207 dictasse
564 1167 600 1205 aut
614 1164 667 1217 leges
678 1164 744 1216 digito
755 1165 788 1204 dei
804 1165 886 1216 scriptas
902 1178 945 1206 esse

56 1237 111 1276 dicit.
139 1235 205 1274 'rania
221 1234 287 1273 autem
303 1230 395 1282 superbia
411 1229 445 1269 hic
462 1227 526 1276 „deus
542 1227 595 1266 inter
610 1229 666 1278 reges
681 1226 782 1266 urbium“
793 1226 817 1266 de
833 1239 854 1266 se
870 1240 945 1278 suoque

55 1309 116 1348 opere
137 1295 236 1346 loquitur,
257 1295 282 1332 ut
302 1292 364 1333 omnis
386 1290 511 1340 comparatio
531 1288 585 1328 inter
600 1288 668 1327 Mosen
684 1289 705 1326 et
721 1287 855 1338 Hammurapi
869 1288 906 1327 hac
922 1301 945 1327 er

57 1358 114 1409 parte
131 1357 185 1395 facta
201 1354 323 1393 excludetur.

117 1414 261 1467 interpretatio
281 1414 353 1462 textus,
374 1411 464 1462 exceptis
485 1409 588 1450 nonnullis
603 1409 650 1449 locis
665 1408 752 1449 minoris
768 1410 870 1458 momenti,
891 1412 945 1450 certa

57 1480 93 1517 est.
124 1477 183 1516 inter
198 1476 252 1515 uiros
273 1476 340 1514 antem
355 1473 430 1520 doctos,
453 1472 489 1522 qui
509 1471 608 1523 insignem
628 1471 687 1509 illum
708 1469 799 1510 laborem
819 1471 945 1522 perfecerunt
965 1513 968 1519 7

58 1538 187 1588 potissimum
198 1534 314 1575 nominandi
324 1536 381 1574 sunt:
392 1533 415 1573 V.
428 1532 522 1580 Sabell,
538 1531 641 1571 blemoires
655 1531 749 1582 publie'es
761 1544 808 1571 sous
818 1532 839 1571 la
849 1532 946 1572 direction

55 1598 82 1638 de
92 1599 117 1637 111.
129 1598 149 1640 J.
160 1596 185 1636 de
195 1597 283 1647 llorgan,
300 1595 382 1647 delegue'
394 1593 478 1646 ge'ne'ral
493 1590 550 1649 (tome
566 1592 593 1632 IV
609 1593 694 1640 „Testes
705 1584 945 1644 tramites-semisque

60 1665 92 1700 12.
108 1658 167 1705 serie,
183 1657 239 1696 Paris
257 1652 332 1712 1902);
354 1656 376 1698 D.
392 1655 417 1695 H.
434 1654 537 1703 11111101,
554 1650 589 1693 Die
605 1653 684 1693 Gesetae
700 1653 841 1694 Hammurabis
857 1655 898 1693 und
914 1655 946 1693 ihr

57 1718 174 1758 l'erhaltnis
195 1731 230 1757 aur
250 1716 371 1757 mosaischen
387 1716 544 1767 Gesetagebnng
564 1715 622 1754 sowie
642 1727 666 1753 zu
682 1714 723 1754 den
738 1714 778 1754 XII
793 1714 867 1757 Tafeln.
888 1715 946 1755 Wien

59 1786 128 1827 19033
149 1778 175 1819 H.
191 1778 329 1825 Winekler,
349 1776 386 1817 Die
407 1777 491 1816 Gesetze
511 1776 658 1822 Hammurabis,
680 1776 759 1827 Kbnigs
780 1787 820 1815 von
838 1776 945 1827 Babylon³

56 1837 106 1893 (AO
123 1839 157 1887 iv,
176 1836 198 1893 4)
219 1838 299 1889 Leipzig
316 1844 377 1881 1993.
410 1837 448 1876 Die
470 1837 553 1877 Gesetne
568 1836 709 1876 Hammurabis
731 1836 753 1875 in
774 1835 883 1876 Umschrift
903 1837 945 1877 und

57 1900 215 1951 Uebersetaung.
231 1899 257 1940 ib.
275 1904 342 1947 19043
358 1898 412 1941 111,
425 1898 534 1950 Enipei,
550 1897 590 1937 The
606 1897 653 1937 code
669 1897 691 1937 oi
705 1897 845 1945 Hammnrabi,
861 1897 911 1950 king
926 1898 947 1937 ol

56 1961 156 2011 Babylon.
173 1959 347 2012 Chicago-London
364 1964 434 2006 19043
456 1959 475 1998 J.
491 1958 587 1999 Kohler
602 1958 644 1997 und
659 1958 680 1999 F.
697 1958 720 2000 E.
737 1958 834 2006 Peisor,
851 1959 945 1998 Hammu·

56 2021 111 2060 rabis
123 2022 199 2060 Geseta.
215 2020 295 2073 Leipzig
307 2026 369 2062 19114.
392 2019 536 2070 Quaecumque
546 2020 568 2059 in
578 2032 638 2059 usum
649 2019 767 2059 scholarum
778 2019 803 2058 ad
813 2020 945 2070 interpretan-

56 2081 105 2120 dum
119 2083 201 2121 textum
216 2082 327 2120 necessaria
341 2082 390 2120 sunt
401 2081 494 2120 continet
503 2080 561 2128 liber,
577 2080 611 2131 qui
622 2081 735 2132 inscriptus
747 2081 789 2120 est:
805 2077 834 2135 (A.
845 2077 944 2136 Deimel)

55 2142 121 2180 sodex
133 2142 272 2189 Hammurabi,
298 2142 370 2181 Tertus
381 2141 525 2193 primigenius,
536 2140 669 2192 transcriptio,
680 2141 791 2181 translatio
802 2141 877 2189 Latina,
888 2154 945 2182 uoca-
965 2167 968 2173 ι

56 2202 143 2250 bularia,
155 2202 226 2241 tabula
238 2202 389 2253 comparationis
399 2203 456 2242 inter
467 2202 521 2254 leges
533 2202 593 2242 llosis
604 2202 624 2241 et
634 2202 775 2249 Hammurabi.
798 2202 870 2243 Romae
883 2209 944 2246 1919.

18 2411 19 2416 1
55 2353 92 2401 IV.
109 2354 146 2398 De
165 2356 354 2409 monumentis,
372 2370 441 2412 quae
460 2355 489 2399 in
510 2355 575 2398 aliis
592 2355 676 2399 terris
696 2355 818 2399 orientis
836 2356 946 2414 antiqui

406 2428 515 2471 effossa
531 2431 595 2472 sunt

118 2525 144 2582 a)
161 2525 338 2582 investigationes
353 2529 374 2569 et
391 2526 517 2570 effossiones
533 2527 556 2569 in
567 2527 666 2570 Aralria
682 2527 751 2570 factas
768 2526 795 2569 ad
811 2526 946 2584 antiquitates

56 2596 148 2640 biblinas
164 2598 282 2641 accuratius
298 2599 457 2656 cognoscendas
473 2598 531 2642 haud
546 2614 611 2655 paruo
627 2614 670 2643 esse
686 2602 800 2643 momento
811 2599 871 2642 facile
881 2599 945 2643 intel-

57 2669 144 2727 legitur.
176 2670 234 2714 Nam
256 2686 303 2714 oum
322 2671 400 2715 Arabia
422 2672 495 2728 patria
517 2673 614 2729 gentium
636 2672 795 2723 Semiticaruin,
817 2673 872 2716 inter
894 2688 945 2730 qum

61 2741 154 2786 Hebraei
176 2757 259 2800 quoque
281 2745 406 2788 numerandi
430 2746 491 2798 sunt,
514 2746 653 2789 existimanda
675 2747 704 2789 sit
728 2747 792 2803 atque
813 2746 855 2788 iarn
877 2745 946 2789 lloses

56 2829 163 2872 inagnum
179 2830 241 2858 usum
257 2831 305 2859 cum
315 2816 392 2869 lilla-o,
408 2818 507 2875 principe
523 2821 544 2862 et
559 2820 665 2863 sacerdote
675 2819 839 2862 illidianitarum
855 2818 946 2878 [Minae-

58 2888 136 2947 orum),
153 2888 247 2942 liaberet,
263 2890 364 2948 quidquid
375 2891 401 2935 de
416 2892 530 2949 religione,
541 2893 639 2946 moribus,
651 2891 841 2936 consuetudinibus
852 2892 946 2935 Arabum

58 2960 199 3017 antiquorum
219 2963 340 3018 accepimus,
361 2964 427 3008 etiarn
449 2965 477 3008 ad
497 2966 567 3023 gentis
586 2966 701 3010 Hebraicae
723 2965 829 3017 instituta,
850 2980 903 3022 quae
920 2965 947 3007 ad

57 3032 187 3089 religionem
208 3038 229 3077 et
248 3050 380 3080 communem
399 3038 470 3082 vitam
490 3039 602 3094 pertinent,
624 3037 774 3096 cognoscenda
794 3039 815 3080 et
833 3037 946 3082 iudicanda

56 3107 153 3160 spectare
169 3110 261 3163 apparet.
