2147 3361
367 82 463 121 Sacrificia
475 86 554 121 cruenta
566 85 657 122 universa
916 88 961 132 313

67 216 88 264 γ,
104 214 123 257 2⁴
140 223 173 265 qu.
191 211 239 255 tor.
256 223 273 249 a.
292 211 312 254 3,
330 206 357 250 ad
373 209 398 254 5:
417 205 470 259 „Per
485 205 613 252 occisionem
629 208 756 251 animalium
771 206 907 265 significatur
924 205 961 248 de-

64 283 155 328 structio
171 281 307 336 peccatorum
318 282 340 323 et
351 279 409 337 quod
424 279 522 324 homines
537 282 600 324 erant
611 281 674 339 digni
690 281 793 325 occisione
810 295 848 337 pro
864 281 960 338 peccatis

65 356 116 407 suis„
138 368 161 397 ac
176 354 194 397 si
208 352 246 395 illa
262 352 367 396 animalia
382 352 429 397 loco
445 368 518 397 eorum
534 354 682 398 occiderentur
698 354 724 397 ad
740 353 906 412 significandam
923 367 961 414 ex-

67 428 184 488 piationem
199 429 373 482 peccatoru1n¹‘2.
405 426 500 470 Alteram
520 427 628 471 rationem
650 443 738 485 eamque
758 427 851 484 typicam
868 427 928 471 idem
945 444 960 472 s

65 503 143 546 doctor
156 499 203 542 loco
218 499 287 543 allato
303 500 367 543 affert
382 500 462 543 verbis:
486 499 540 552 „Per
556 493 688 545 occisionem
709 501 832 545 animalium
848 500 961 558 significa-

69 578 130 621 batur
151 573 225 617 occisio
243 572 347 618 (linistis
380 571 421 627 Qui
441 588 491 632 ergo
511 573 574 617 illum
596 577 669 617 actum
691 589 739 618 cum
758 574 799 618 fide
814 575 863 619 viva
884 576 907 618 et
923 589 960 631 spe

66 647 164 694 sacrificii
185 646 252 707 futuri
269 646 350 690 Christi
370 646 427 699 fecit,
447 646 528 690 fructus
549 647 612 691 huius
633 647 784 691 satisfactionis
805 662 852 691 rere
868 647 962 692 vicariae

67 721 165 781 percepit:

129 794 206 837 Effusio
226 793 343 851 sanguinis
364 796 422 837 actus
443 793 566 838 latreuticus
582 797 604 838 et
623 794 786 856 propitiatorius
806 796 858 837 erat.
891 791 962 846 Quare

69 867 158 913 Hebraei
173 866 279 925 sanguine
296 868 353 911 vesci
369 866 429 911 vetiti
445 869 505 911 erant
521 867 561 928 [Lu
578 872 599 919 1,
617 872 657 918 2ῖς
676 872 709 919 17,
727 872 760 915 10.
776 866 807 910 Dt
824 871 859 919 12,
876 867 921 927 23).

130 975 138 1000 1
150 974 233 1021 Philo,
251 974 282 1014 De
298 973 380 1024 special.
391 974 450 1026 legib.
463 979 481 1017 4'.
492 988 537 1026 opp.
548 975 574 1022 Il,
588 981 645 1017 356:
662 971 691 1017 Τὸ
709 976 744 1031 μὲν
760 971 810 1031 αἷμα
826 970 852 1015 δι’
865 974 891 1031 ἢν
908 971 963 1016 εἷπον

68 1033 133 1078 arua
153 1031 183 1077 ὅτι
203 1031 263 1077 obsta
284 1038 353 1093 ψυχῆς
370 1032 421 1079 ἐστίν
437 1058 467 1064 -
483 1032 528 1092 οὒγὶ
548 1043 586 1093 τῆς
607 1042 681 1091 νοερᾶς
697 1036 732 1079 adl
748 1035 832 1093 λογικῆς
848 1032 909 1078 ἀλλὰ
926 1043 964 1094 τῆς
1025 1071 1027 1075 .

70 1094 197 1153 dictandae.
217 1093 270 1139 καθ’
285 1095 311 1153 ἣν
333 1095 380 1156 ἡμῖν
401 1112 422 1138 τε
442 1098 534 1145 καὶτοῖς
551 1094 638 1150 ἀλόγοις
654 1099 720 1139 κοινὸν
736 1099 758 1140 rb
775 1098 810 1154 ζῆν
826 1097 963 1153 συμβέβηκεν.

68 1158 96 1196 tt.
112 1155 169 1203 Quod
184 1157 273 1197 deterius
290 1157 365 1208 potiori
381 1157 471 1197 insidiari
486 1158 555 1197 soleat.
571 1157 600 1199 ib.
614 1157 632 1205 I,
651 1163 693 1199 206
705 1170 719 1200 S.
751 1156 798 1203 buis
818 1170 887 1197 rernm
909 1157 963 1198 divi-

70 1231 140 1258 narum
155 1218 211 1258 heres
226 1218 258 1258 sit.
270 1218 298 1257 ib.
310 1217 326 1265 Ι,
339 1223 387 1261 480.
404 1242 434 1247 —
449 1218 462 1257 J
467 1220 587 1269 oseplios,
604 1218 643 1258 Α]
661 1225 679 1266 3,
699 1225 731 1260 11,
745 1224 767 1260 2:
784 1215 877 1274 Αἵματος
895 1223 964 1277 μέντοι

69 1282 142 1326 παντὸς
158 1275 186 1327 εἰς
201 1281 278 1336 τροφὴν
296 1277 422 1335 ἀπηγόρευσε
439 1282 474 1338 τὴν
489 1287 562 1338 χρῆσιν
579 1281 648 1336 ψυχὴν
664 1276 712 1322 αὐτὸ
728 1281 763 1324 aar
776 1285 854 1336 crebpa
870 1266 964 1337 νομίζων.

71 1362 98 1368 -
115 1338 246 1392 Origenes,
264 1340 337 1380 Select.
354 1339 376 1378 in
392 1341 418 1379 aa
434 1353 449 1380 c.
468 1346 499 1383 18.
516 1340 576 1380 MSG
597 1346 629 1388 13,
647 1345 703 1382 817:
723 1337 780 1398 Atpu
797 1336 839 1383 aa
855 1340 964 1398 σὺμβολον

72 1404 155 1459 ζωτικῆς
171 1400 276 1457 ὃονὰμ,εο)ς
288 1403 369 1460 ψυχῆς.
385 1424 415 1430 —
430 1401 544 1449 Thomas,
562 1401 581 1440 S.
593 1402 623 1441 th.
642 1408 660 1449 1,
674 1408 692 1443 2.
710 1414 742 1451 qu.
761 1407 808 1450 102,
824 1413 841 1440 a.
860 1407 879 1443 3.
896 1402 922 1441 ad
940 1407 964 1445 s:

69 1461 168 1514 .‚,Sanguis
183 1465 212 1502 est
227 1462 317 1501 maxime
332 1463 455 1502 necessarius
470 1463 495 1502 ad
506 1463 574 1510 uitam,
592 1462 671 1502 ratione
688 1461 744 1502 cuius
757 1463 831 1503 dicitur
841 1464 912 1502 anima
923 1474 964 1502 esse

71 1523 91 1561 iu
106 1523 221 1574 sanguine“.
238 1546 269 1552 -
286 1522 314 1563 cf.
331 1523 391 1562 etiam
407 1520 511 1575 August.
529 1524 610 1570 Quaest.
627 1523 650 1562 in
666 1523 797 1574 Heptateuch.
813 1525 826 1563 l.
844 1530 863 1566 3.
880 1537 915 1574 qu.
930 1532 963 1566 51.

70 1585 127 1623 nst
144 1590 177 1632 31,
195 1589 236 1626 702
249 1596 263 1625 s,

132 1675 233 1716 2011131.
250 1675 362 1728 Ugolini
382 1676 437 1716 Thes.
453 1676 476 1724 X,
494 1682 572 1727 680ss.
595 1699 623 1705 —
645 1675 735 1715 Euseb.
757 1677 870 1718 Demonstr.
892 1690 964 1729 evang.

76 1744 91 1784 1,
110 1744 142 1779 10.
163 1736 222 1777 nse
240 1743 274 1785 22,
294 1742 348 1780 ses.
370 1760 399 1766 -
420 1737 571 1777 Theodorei.
589 1736 627 1784 Qu.
645 1743 678 1779 61.
695 1737 717 1775 in
733 1737 767 1779 Ex.
785 1736 820 1783 aa.
838 1743 872 1779 23.
891 1738 914 1777 in
929 1738 965 1781 Lm

70 1798 96 1837 ib.
114 1803 147 1846 Sd,
166 1803 212 1841 288.
232 1803 282 1840 333.

130 1905 151 1949 4.
167 1902 321 1961 Sanguinis
338 1902 479 1960 adspersio
496 1903 621 1963 (talmudice
637 1903 706 1963 wll).
718 1930 748 1935 -—
761 1903 851 1961 Sanguis
861 1904 964 1948 victimae

72 1976 144 2035 (vitam
155 1977 275 2035 continens)
288 1992 302 2019 a
313 1975 427 2028 sacerdote,
443 1977 520 2020 vicario
532 1977 622 2030 Jabrae,
639 1979 720 2020 cratere
736 1991 800 2020 aeneo
817 1974 965 2034 excipiebatur

73 2051 121 2109 (qua
136 2065 158 2093 re
173 2065 221 2093 eum
232 2049 297 2093 adeo
314 2049 382 2106 accipi
397 2049 566 2109 significabatur)
584 2053 606 2093 et
622 2065 661 2106 pro
673 2049 795 2093 diversitate
810 2051 965 2094 sacrificiorum

72 2124 104 2167 rel
120 2124 145 2167 ad
161 2123 227 2167 altare
243 2123 423 2167 holocaustorum
439 2123 522 2180 eiusque
539 2138 628 2175 cornua,
644 2124 678 2166 vel
689 2123 718 2165 ad·
728 2138 807 2167 cornua
823 2124 898 2168 altaris
914 2122 966 2180 thy-

72 2197 181 2249 miarnatis,
197 2198 230 2241 vel
247 2197 274 2240 ad
291 2197 364 2240 velum
380 2197 511 2249 sanctissimi,
527 2197 562 2240 vel
583 2197 607 2240 iu
629 2197 801 2253 propitiatorium
822 2197 966 2254 spargebatur

74 2274 120 2323 νιὶᾜ,
142 2271 211 2327 Αοογν.
227 2269 323 2329 corditer)
345 2272 367 2313 et
386 2270 481 2327 reliquus
500 2270 527 2313 acl
548 2269 610 2313 basin
632 2270 705 2313 altaris
726 2269 867 2329 (temporibus
888 2269 966 2327 templi

73 2341 157 2387 secundi
172 2344 196 2387 iu
212 2343 317 2395 canalem,
334 2357 372 2399 per
389 2358 451 2401 quem
466 2343 490 2386 in
505 2345 625 2387 torrentem
635 2341 721 2386 Kidron
737 2342 849 2403 defluebat)
866 2343 963 2386 effunde-

73 2414 158 2463 latiae.

132 2490 184 2533 Cum
204 2489 280 2533 effusio
302 2489 421 2546 sanguinis,
442 2505 483 2546 qua
502 2489 570 2533 vitam
592 2488 687 2532 hominis
708 2488 773 2544 ipsius
794 2488 832 2532 deo
849 2488 966 2533 sacrificari

71 2560 231 2618 significabatur
253 2563 317 2623 (non,
338 2565 363 2605 ut
378 2563 513 2607 talmudistae
534 2562 677 2614 contendunt
694 2561 737 2605 eius
758 2562 849 2622 sparsio)
857 2565 873 2614 2,
895 2562 966 2604 forma

71 2633 100 2676 sit
114 2635 216 2688 sacrificii,
232 2636 319 2693 sparsio
336 2637 447 2693 scapularis
457 2638 489 2680 est
498 2636 613 2693 explicatio
625 2635 726 2693 liturgica
737 2637 757 2678 et
768 2638 827 2678 actus
838 2634 966 2678 sollemnior

70 2706 121 2759 eius,
137 2709 194 2766 quod
208 2709 315 2753 effusione
331 2709 443 2766 sanguinis
457 2710 500 2753 iam
516 2709 666 2768 significatum
682 2710 719 2751 est.
745 2707 819 2764 Itaque
833 2707 885 2764 quia
900 2712 965 2751 sacri-

74 2778 126 2825 ficiis
146 2783 251 2840 imprimis
272 2783 300 2826 id
313 2782 390 2840 agitur,
411 2785 436 2826 ut
451 2782 529 2826 vicaria
549 2783 651 2827 victimae
672 2783 740 2825 morte
760 2795 808 2824 reus
824 2796 837 2823 a
852 2781 923 2824 morte
939 2781 966 2823 ii-

73 2851 163 2910 teratur,
179 2856 273 2914 expiatio
291 2870 316 2899 eo
333 2858 443 2899 momento
459 2856 557 2910 efficitur,
574 2871 618 2913 quc
635 2855 659 2898 in
672 2854 775 2898 occisione
791 2852 878 2911 sanguis
895 2853 966 2896 effun-

74 2924 130 2970 ditur
151 2932 172 2972 et
191 2929 292 2975 victimae
313 2929 359 2972 vita
379 2929 473 2972 aufertur
494 2930 560 2990 (Hebr
577 2933 600 2981 94
615 2933 655 2976 22:
677 2929 745 2986 Χωρὶς
764 2927 925 2987 αἱμαπενχοοὶας
943 2928 967 2973 cb

74 3004 144 3054 arricta
164 3006 241 3063 opaea.
281 3001 313 3049 Of.
334 3002 464 3045 sententiam
485 3019 496 3046 a
516 3001 606 3046 iudaeis
629 3003 746 3058 receptam:
768 2991 858 3036 aaziae
872 3004 927 3036 aaa:
941 3004 966 3049 rs

74 3072 131 3117 rudia
147 3080 178 3119 est
193 3077 289 3135 expiatio
306 3077 350 3120 uisi
365 3077 482 3137 scarpariae).
509 3076 655 3133 Adspersione
665 3088 714 3118 vero
730 3072 839 3130 sanguinis
855 3088 917 3116 mors
934 3074 967 3117 ri-

71 3145 129 3189 caria
145 3148 182 3192 cleo
199 3149 321 3195 ostenditur
338 3150 359 3192 et
375 3149 467 3206 expiatio
483 3150 528 3206 ipsa
544 3147 680 3192 manifestior
696 3147 726 3190 fit.
