<?xml version="1.0" encoding="UTF-8"?>
<!DOCTYPE html PUBLIC "-//W3C//DTD XHTML 1.0 Transitional//EN"
    "http://www.w3.org/TR/xhtml1/DTD/xhtml1-transitional.dtd">
<html xmlns="http://www.w3.org/1999/xhtml" xml:lang="en" lang="en">
 <head>
  <title>
</title>
<meta http-equiv="Content-Type" content="text/html;charset=utf-8" />
  <meta name='ocr-system' content='tesseract 3.04.00' />
  <meta name='ocr-capabilities' content='ocr_page ocr_carea ocr_par ocr_line ocrx_word'/>
</head>
<body>
  <div class='ocr_page' id='page_1' title='image "./MN42078ucmf_3_0303.png"; bbox 0 0 2147 3361; ppageno 0'>
   <div class='ocr_carea' id='block_1_1' title="bbox 434 78 1017 127">
    <p class='ocr_par' dir='ltr' id='par_1_1' title="bbox 434 78 1017 127">
     <span class='ocr_line' id='line_1_1' title="bbox 434 78 1017 127; baseline -0.014 -12"><span class='ocrx_word' id='word_1_1' title='bbox 434 78 556 115; x_wconf 77' lang='lat' dir='ltr'>Sollemnitas</span> <span class='ocrx_word' id='word_1_2' title='bbox 565 78 688 125; x_wconf 84' lang='lat' dir='ltr'>pentecostes</span> <span class='ocrx_word' id='word_1_3' title='bbox 964 84 1017 127; x_wconf 69' lang='lat'>269.</span> 
     </span>
    </p>
   </div>
   <div class='ocr_carea' id='block_1_2' title="bbox 114 200 1017 701">
    <p class='ocr_par' dir='ltr' id='par_1_2' title="bbox 114 200 1017 701">
     <span class='ocr_line' id='line_1_2' title="bbox 115 200 1008 261; baseline 0 -17"><span class='ocrx_word' id='word_1_4' title='bbox 115 200 232 244; x_wconf 78' lang='lat' dir='ltr'>Sirraiticae</span> <span class='ocrx_word' id='word_1_5' title='bbox 245 200 278 244; x_wconf 91' lang='lat' dir='ltr'>die</span> <span class='ocrx_word' id='word_1_6' title='bbox 294 201 474 259; x_wconf 79' lang='lat' dir='ltr'>quinquagesimo</span> <span class='ocrx_word' id='word_1_7' title='bbox 490 204 540 258; x_wconf 88' lang='lat' dir='ltr'>post</span> <span class='ocrx_word' id='word_1_8' title='bbox 555 216 664 261; x_wconf 78' lang='lat' dir='ltr'>egressam</span> <span class='ocrx_word' id='word_1_9' title='bbox 680 217 705 246; x_wconf 79' lang='lat' dir='ltr'>ex</span> <span class='ocrx_word' id='word_1_10' title='bbox 717 201 817 260; x_wconf 78' lang='lat' dir='ltr'>Aegypto</span> <span class='ocrx_word' id='word_1_11' title='bbox 834 202 903 245; x_wconf 76' lang='lat' dir='ltr'>iactae</span> <span class='ocrx_word' id='word_1_12' title='bbox 913 205 927 247; x_wconf 80' lang='lat'>1.</span> <span class='ocrx_word' id='word_1_13' title='bbox 955 201 1008 245; x_wconf 76' lang='lat' dir='ltr'>Cum</span> 
     </span>
     <span class='ocr_line' id='line_1_3' title="bbox 114 272 1017 333; baseline 0.002 -17"><span class='ocrx_word' id='word_1_14' title='bbox 114 288 164 317; x_wconf 89' lang='lat' dir='ltr'>vero</span> <span class='ocrx_word' id='word_1_15' title='bbox 181 272 359 333; x_wconf 81' lang='lat' dir='ltr'>quinquagesimo</span> <span class='ocrx_word' id='word_1_16' title='bbox 376 273 409 317; x_wconf 88' lang='lat' dir='ltr'>die</span> <span class='ocrx_word' id='word_1_17' title='bbox 426 291 438 318; x_wconf 95' lang='lat' dir='ltr'>a</span> <span class='ocrx_word' id='word_1_18' title='bbox 454 276 606 319; x_wconf 87' lang='lat' dir='ltr'>resurrectione</span> <span class='ocrx_word' id='word_1_19' title='bbox 622 274 701 319; x_wconf 77' lang='lat' dir='ltr'>Christi</span> <span class='ocrx_word' id='word_1_20' title='bbox 721 275 756 318; x_wconf 82' lang='lat' dir='ltr'>lex</span> <span class='ocrx_word' id='word_1_21' title='bbox 773 275 822 319; x_wconf 90' lang='lat' dir='ltr'>data</span> <span class='ocrx_word' id='word_1_22' title='bbox 838 274 867 318; x_wconf 91' lang='lat' dir='ltr'>sit</span> <span class='ocrx_word' id='word_1_23' title='bbox 883 274 1017 318; x_wconf 85' lang='lat' dir='ltr'>hominibus</span> 
     </span>
     <span class='ocr_line' id='line_1_4' title="bbox 115 344 1008 410; baseline -0.003 -17"><span class='ocrx_word' id='word_1_24' title='bbox 115 347 153 393; x_wconf 77' lang='lat' dir='ltr'>oti</span> <span class='ocrx_word' id='word_1_25' title='bbox 170 349 190 393; x_wconf 82' lang='grc' dir='ltr'>ἐν</span> <span class='ocrx_word' id='word_1_26' title='bbox 206 350 268 400; x_wconf 70' lang='grc' dir='ltr'>πλαξὶ</span> <span class='ocrx_word' id='word_1_27' title='bbox 284 353 378 402; x_wconf 67' lang='grc' dir='ltr'>λιθίναις,</span> <span class='ocrx_word' id='word_1_28' title='bbox 395 350 452 395; x_wconf 72' lang='grc' dir='ltr'>ἀλλὰ</span> <span class='ocrx_word' id='word_1_29' title='bbox 469 348 489 394; x_wconf 75' lang='grc' dir='ltr'>ἐν</span> <span class='ocrx_word' id='word_1_30' title='bbox 505 344 567 401; x_wconf 79' lang='grc' dir='ltr'>πλαξὶ</span> <span class='ocrx_word' id='word_1_31' title='bbox 583 352 669 409; x_wconf 72' lang='grc' dir='ltr'>καρδίας</span> <span class='ocrx_word' id='word_1_32' title='bbox 686 355 790 409; x_wconf 66' lang='lat' dir='ltr'>saphiram</span> <span class='ocrx_word' id='word_1_33' title='bbox 807 348 890 410; x_wconf 78' lang='lat' dir='ltr'>(1100r</span> <span class='ocrx_word' id='word_1_34' title='bbox 907 348 967 406; x_wconf 45' lang='lat'>33),</span> <span class='ocrx_word' id='word_1_35' title='bbox 984 348 1008 391; x_wconf 91' lang='lat' dir='ltr'>in</span> 
     </span>
     <span class='ocr_line' id='line_1_5' title="bbox 114 420 1007 481; baseline 0 -18"><span class='ocrx_word' id='word_1_36' title='bbox 114 423 237 478; x_wconf 70' lang='lat' dir='ltr'>pentecoste</span> <span class='ocrx_word' id='word_1_37' title='bbox 247 421 393 465; x_wconf 79' lang='lat' dir='ltr'>Hebraeorum</span> <span class='ocrx_word' id='word_1_38' title='bbox 404 420 476 479; x_wconf 79' lang='lat' dir='ltr'>imago</span> <span class='ocrx_word' id='word_1_39' title='bbox 489 421 576 465; x_wconf 88' lang='lat' dir='ltr'>illorum</span> <span class='ocrx_word' id='word_1_40' title='bbox 587 422 695 464; x_wconf 90' lang='lat' dir='ltr'>bonorum</span> <span class='ocrx_word' id='word_1_41' title='bbox 711 421 855 477; x_wconf 68' lang='lat' dir='ltr'>spiritualium</span> <span class='ocrx_word' id='word_1_42' title='bbox 871 420 1007 481; x_wconf 81' lang='lat' dir='ltr'>agnoscenda</span> 
     </span>
     <span class='ocr_line' id='line_1_6' title="bbox 115 494 1017 551; baseline 0.001 -14"><span class='ocrx_word' id='word_1_43' title='bbox 115 496 152 547; x_wconf 81' lang='lat' dir='ltr'>est,</span> <span class='ocrx_word' id='word_1_44' title='bbox 169 494 247 551; x_wconf 86' lang='lat' dir='ltr'>quibus</span> <span class='ocrx_word' id='word_1_45' title='bbox 262 494 356 538; x_wconf 87' lang='lat' dir='ltr'>mundus</span> <span class='ocrx_word' id='word_1_46' title='bbox 367 495 487 538; x_wconf 83' lang='lat' dir='ltr'>cumulatas</span> <span class='ocrx_word' id='word_1_47' title='bbox 497 497 530 538; x_wconf 86' lang='lat' dir='ltr'>est</span> <span class='ocrx_word' id='word_1_48' title='bbox 540 509 577 550; x_wconf 89' lang='lat' dir='ltr'>per</span> <span class='ocrx_word' id='word_1_49' title='bbox 593 495 696 550; x_wconf 78' lang='lat' dir='ltr'>oripiaera</span> <span class='ocrx_word' id='word_1_50' title='bbox 712 495 807 538; x_wconf 82' lang='lat' dir='ltr'>ecclesiae</span> <span class='ocrx_word' id='word_1_51' title='bbox 823 495 957 539; x_wconf 67' lang='lat' dir='ltr'>Christianae</span> <span class='ocrx_word' id='word_1_52' title='bbox 973 494 1017 538; x_wconf 68' lang='lat' dir='ltr'>rel,</span> 
     </span>
     <span class='ocr_line' id='line_1_7' title="bbox 115 567 1007 625; baseline 0 -14"><span class='ocrx_word' id='word_1_53' title='bbox 115 568 238 624; x_wconf 74' lang='lat' dir='ltr'>offersionem</span> <span class='ocrx_word' id='word_1_54' title='bbox 254 569 343 624; x_wconf 85' lang='lat' dir='ltr'>spiritns</span> <span class='ocrx_word' id='word_1_55' title='bbox 359 570 427 611; x_wconf 69' lang='lat' dir='ltr'>scarleti</span> <span class='ocrx_word' id='word_1_56' title='bbox 443 583 505 624; x_wconf 91' lang='lat' dir='ltr'>super</span> <span class='ocrx_word' id='word_1_57' title='bbox 521 567 636 624; x_wconf 88' lang='lat' dir='ltr'>apostolos,</span> <span class='ocrx_word' id='word_1_58' title='bbox 652 568 689 623; x_wconf 84' lang='lat' dir='ltr'>qui</span> <span class='ocrx_word' id='word_1_59' title='bbox 700 570 810 625; x_wconf 78' lang='lat' dir='ltr'>tamquam</span> <span class='ocrx_word' id='word_1_60' title='bbox 821 568 928 624; x_wconf 82' lang='lat' dir='ltr'>primitiae</span> <span class='ocrx_word' id='word_1_61' title='bbox 939 568 1007 611; x_wconf 89' lang='lat' dir='ltr'>eccle-</span> 
     </span>
     <span class='ocr_line' id='line_1_8' title="bbox 114 640 1006 701; baseline 0.002 -19"><span class='ocrx_word' id='word_1_62' title='bbox 114 640 158 683; x_wconf 86' lang='lat' dir='ltr'>siae</span> <span class='ocrx_word' id='word_1_63' title='bbox 168 640 305 701; x_wconf 82' lang='lat' dir='ltr'>evangelium</span> <span class='ocrx_word' id='word_1_64' title='bbox 316 641 416 698; x_wconf 75' lang='lat' dir='ltr'>gentibus</span> <span class='ocrx_word' id='word_1_65' title='bbox 428 641 495 685; x_wconf 90' lang='lat' dir='ltr'>totius</span> <span class='ocrx_word' id='word_1_66' title='bbox 506 641 565 684; x_wconf 88' lang='lat' dir='ltr'>orbis</span> <span class='ocrx_word' id='word_1_67' title='bbox 576 643 680 684; x_wconf 85' lang='lat' dir='ltr'>terrarum</span> <span class='ocrx_word' id='word_1_68' title='bbox 691 640 840 696; x_wconf 88' lang='lat' dir='ltr'>praedicarunt</span> <span class='ocrx_word' id='word_1_69' title='bbox 854 642 902 700; x_wconf 79' lang='lat' dir='ltr'>(Aa</span> <span class='ocrx_word' id='word_1_70' title='bbox 913 646 933 693; x_wconf 76' lang='grc'><strong>2,</strong></span> <span class='ocrx_word' id='word_1_71' title='bbox 946 641 1006 700; x_wconf 78' lang='lat' dir='ltr'>les).</span> 
     </span>
    </p>
   </div>
   <div class='ocr_carea' id='block_1_3' title="bbox 114 725 1016 1300">
    <p class='ocr_par' dir='ltr' id='par_1_3' title="bbox 114 725 1016 1300">
     <span class='ocr_line' id='line_1_9' title="bbox 176 725 1016 785; baseline -0.004 -17"><span class='ocrx_word' id='word_1_72' title='bbox 176 725 244 769; x_wconf 87' lang='lat' dir='ltr'>Panes</span> <span class='ocrx_word' id='word_1_73' title='bbox 257 727 410 782; x_wconf 78' lang='lat' dir='ltr'>pentecostales</span> <span class='ocrx_word' id='word_1_74' title='bbox 423 729 448 770; x_wconf 88' lang='lat' dir='ltr'>nt</span> <span class='ocrx_word' id='word_1_75' title='bbox 464 732 528 785; x_wconf 74' lang='lat' dir='ltr'>tppas</span> <span class='ocrx_word' id='word_1_76' title='bbox 539 726 679 770; x_wconf 71' lang='lat' dir='ltr'>eucharistiae</span> <span class='ocrx_word' id='word_1_77' title='bbox 690 725 808 769; x_wconf 84' lang='lat' dir='ltr'>existimari</span> <span class='ocrx_word' id='word_1_78' title='bbox 819 731 915 782; x_wconf 78' lang='lat' dir='ltr'>possunt,</span> <span class='ocrx_word' id='word_1_79' title='bbox 935 727 1016 779; x_wconf 77' lang='lat' dir='ltr'>„euius</span> 
     </span>
     <span class='ocr_line' id='line_1_10' title="bbox 114 798 1008 856; baseline -0.002 -13"><span class='ocrx_word' id='word_1_80' title='bbox 114 798 275 843; x_wconf 87' lang='lat' dir='ltr'>institutionem</span> <span class='ocrx_word' id='word_1_81' title='bbox 295 799 332 843; x_wconf 92' lang='lat' dir='ltr'>illo</span> <span class='ocrx_word' id='word_1_82' title='bbox 354 803 449 856; x_wconf 88' lang='lat' dir='ltr'>tempore</span> <span class='ocrx_word' id='word_1_83' title='bbox 470 799 590 856; x_wconf 78' lang='lat' dir='ltr'>specialiter</span> <span class='ocrx_word' id='word_1_84' title='bbox 611 798 730 850; x_wconf 79' lang='lat' dir='ltr'>recolimus,</span> <span class='ocrx_word' id='word_1_85' title='bbox 751 814 794 856; x_wconf 85' lang='lat' dir='ltr'>quo</span> <span class='ocrx_word' id='word_1_86' title='bbox 815 798 902 855; x_wconf 87' lang='lat' dir='ltr'>spiritus</span> <span class='ocrx_word' id='word_1_87' title='bbox 922 802 1008 843; x_wconf 88' lang='lat' dir='ltr'>sanctus</span> 
     </span>
     <span class='ocr_line' id='line_1_11' title="bbox 115 871 1007 929; baseline -0.002 -13"><span class='ocrx_word' id='word_1_88' title='bbox 115 873 180 916; x_wconf 86' lang='lat' dir='ltr'>corda</span> <span class='ocrx_word' id='word_1_89' title='bbox 201 871 352 928; x_wconf 87' lang='lat' dir='ltr'>discipulorum</span> <span class='ocrx_word' id='word_1_90' title='bbox 374 872 459 917; x_wconf 81' lang='lat' dir='ltr'>edocuit</span> <span class='ocrx_word' id='word_1_91' title='bbox 481 873 508 916; x_wconf 88' lang='lat' dir='ltr'>ad</span> <span class='ocrx_word' id='word_1_92' title='bbox 528 873 590 929; x_wconf 87' lang='lat' dir='ltr'>plene</span> <span class='ocrx_word' id='word_1_93' title='bbox 613 872 761 929; x_wconf 82' lang='lat' dir='ltr'>cognoscenda</span> <span class='ocrx_word' id='word_1_94' title='bbox 788 871 853 915; x_wconf 88' lang='lat' dir='ltr'>huius</span> <span class='ocrx_word' id='word_1_95' title='bbox 879 873 1007 915; x_wconf 82' lang='lat' dir='ltr'>sacramenti</span> 
     </span>
     <span class='ocr_line' id='line_1_12' title="bbox 114 944 1015 1003; baseline 0 -15"><span class='ocrx_word' id='word_1_96' title='bbox 114 944 226 1001; x_wconf 77' lang='lat' dir='ltr'>mysteria3</span> <span class='ocrx_word' id='word_1_97' title='bbox 246 961 298 988; x_wconf 88' lang='lat' dir='ltr'>nam</span> <span class='ocrx_word' id='word_1_98' title='bbox 314 947 335 988; x_wconf 88' lang='lat' dir='ltr'>et</span> <span class='ocrx_word' id='word_1_99' title='bbox 350 946 424 990; x_wconf 90' lang='lat' dir='ltr'>eodem</span> <span class='ocrx_word' id='word_1_100' title='bbox 444 952 541 1003; x_wconf 88' lang='lat' dir='ltr'>tempore</span> <span class='ocrx_word' id='word_1_101' title='bbox 558 946 628 1001; x_wconf 86' lang='lat' dir='ltr'>eoepit</span> <span class='ocrx_word' id='word_1_102' title='bbox 648 945 689 987; x_wconf 90' lang='lat' dir='ltr'>hoc</span> <span class='ocrx_word' id='word_1_103' title='bbox 705 948 863 988; x_wconf 87' lang='lat' dir='ltr'>sacramentum</span> <span class='ocrx_word' id='word_1_104' title='bbox 880 960 892 987; x_wconf 91' lang='lat' dir='ltr'>a</span> <span class='ocrx_word' id='word_1_105' title='bbox 907 944 1015 988; x_wconf 88' lang='lat' dir='ltr'>fidelibus.</span> 
     </span>
     <span class='ocr_line' id='line_1_13' title="bbox 114 1017 1012 1079; baseline -0.008 -17"><span class='ocrx_word' id='word_1_106' title='bbox 114 1018 258 1075; x_wconf 78' lang='lat' dir='ltr'>frequentari“</span> <span class='ocrx_word' id='word_1_107' title='bbox 278 1019 385 1079; x_wconf 81' lang='lat' dir='ltr'>(Thomas,</span> <span class='ocrx_word' id='word_1_108' title='bbox 403 1018 478 1076; x_wconf 85' lang='lat' dir='ltr'>Opusc.</span> <span class='ocrx_word' id='word_1_109' title='bbox 495 1019 540 1078; x_wconf 77' lang='lat'>57).</span> <span class='ocrx_word' id='word_1_110' title='bbox 567 1018 670 1062; x_wconf 75' lang='lat' dir='ltr'>Conteras</span> <span class='ocrx_word' id='word_1_111' title='bbox 685 1018 727 1061; x_wconf 86' lang='lat' dir='ltr'>Act</span> <span class='ocrx_word' id='word_1_112' title='bbox 743 1023 763 1069; x_wconf 79' lang='lat'>2,</span> <span class='ocrx_word' id='word_1_113' title='bbox 779 1021 822 1070; x_wconf 70' lang='lat' dir='ltr'>dd,</span> <span class='ocrx_word' id='word_1_114' title='bbox 837 1018 876 1060; x_wconf 88' lang='lat' dir='ltr'>ubi</span> <span class='ocrx_word' id='word_1_115' title='bbox 892 1017 917 1059; x_wconf 92' lang='lat' dir='ltr'>de</span> <span class='ocrx_word' id='word_1_116' title='bbox 933 1018 1012 1074; x_wconf 82' lang='lat' dir='ltr'>primis.</span> 
     </span>
     <span class='ocr_line' id='line_1_14' title="bbox 116 1091 1007 1154; baseline 0 -18"><span class='ocrx_word' id='word_1_117' title='bbox 116 1091 243 1136; x_wconf 75' lang='lat' dir='ltr'>Christianis</span> <span class='ocrx_word' id='word_1_118' title='bbox 258 1092 373 1136; x_wconf 88' lang='lat' dir='ltr'>memoriae</span> <span class='ocrx_word' id='word_1_119' title='bbox 388 1093 489 1136; x_wconf 87' lang='lat' dir='ltr'>traditur:</span> <span class='ocrx_word' id='word_1_120' title='bbox 505 1092 566 1140; x_wconf 74' lang='grc' dir='ltr'>Καθ’</span> <span class='ocrx_word' id='word_1_121' title='bbox 583 1094 660 1154; x_wconf 72' lang='grc' dir='ltr'>ἡμέραν</span> <span class='ocrx_word' id='word_1_122' title='bbox 677 1111 698 1138; x_wconf 81' lang='grc' dir='ltr'>τε</span> <span class='ocrx_word' id='word_1_123' title='bbox 714 1100 911 1151; x_wconf 73' lang='grc' dir='ltr'>προσκαρτεροῦντες</span> <span class='ocrx_word' id='word_1_124' title='bbox 927 1091 1007 1152; x_wconf 73' lang='lat' dir='ltr'>dacha-</span> 
     </span>
     <span class='ocr_line' id='line_1_15' title="bbox 115 1165 1015 1227; baseline -0.001 -16"><span class='ocrx_word' id='word_1_125' title='bbox 115 1168 178 1227; x_wconf 78' lang='grc' dir='ltr'>μαδὸν</span> <span class='ocrx_word' id='word_1_126' title='bbox 195 1167 215 1212; x_wconf 84' lang='grc' dir='ltr'>ἐν</span> <span class='ocrx_word' id='word_1_127' title='bbox 231 1177 258 1226; x_wconf 77' lang='grc' dir='ltr'>τῷ</span> <span class='ocrx_word' id='word_1_128' title='bbox 274 1165 326 1226; x_wconf 79' lang='grc' dir='ltr'><strong>ἱερῷ,</strong></span> <span class='ocrx_word' id='word_1_129' title='bbox 347 1170 435 1218; x_wconf 76' lang='grc' dir='ltr'>νιλιῖιντές</span> <span class='ocrx_word' id='word_1_130' title='bbox 452 1184 472 1211; x_wconf 82' lang='grc' dir='ltr'>τε</span> <span class='ocrx_word' id='word_1_131' title='bbox 493 1165 539 1212; x_wconf 67' lang='grc' dir='ltr'>κατ’</span> <span class='ocrx_word' id='word_1_132' title='bbox 557 1166 612 1211; x_wconf 75' lang='grc' dir='ltr'>οἷκον</span> <span class='ocrx_word' id='word_1_133' title='bbox 629 1166 697 1224; x_wconf 78' lang='grc' dir='ltr'>ἄρτον,</span> <span class='ocrx_word' id='word_1_134' title='bbox 720 1168 872 1225; x_wconf 71' lang='grc' dir='ltr'>μετελάμβανον</span> <span class='ocrx_word' id='word_1_135' title='bbox 893 1176 970 1227; x_wconf 76' lang='grc' dir='ltr'>τροφῆς</span> <span class='ocrx_word' id='word_1_136' title='bbox 986 1166 1015 1210; x_wconf 65' lang='grc' dir='ltr'>ἐνι</span> 
     </span>
     <span class='ocr_line' id='line_1_16' title="bbox 114 1240 541 1300; baseline 0 -16"><span class='ocrx_word' id='word_1_137' title='bbox 114 1240 237 1296; x_wconf 70' lang='grc' dir='ltr'>ἀγαλλιάσει</span> <span class='ocrx_word' id='word_1_138' title='bbox 253 1243 287 1283; x_wconf 81' lang='lat' dir='ltr'>ani</span> <span class='ocrx_word' id='word_1_139' title='bbox 303 1240 414 1300; x_wconf 78' lang='grc' dir='ltr'>ἀφελότητι</span> <span class='ocrx_word' id='word_1_140' title='bbox 430 1242 518 1298; x_wconf 76' lang='grc' dir='ltr'>καρδίας</span> <span class='ocrx_word' id='word_1_141' title='bbox 526 1243 541 1280; x_wconf 80' lang='lat'>².</span> 
     </span>
    </p>
   </div>
   <div class='ocr_carea' id='block_1_4' title="bbox 113 1351 1011 1894">
    <p class='ocr_par' dir='ltr' id='par_1_4' title="bbox 113 1351 1011 1894">
     <span class='ocr_line' id='line_1_17' title="bbox 179 1351 1006 1402; baseline -0.004 -9"><span class='ocrx_word' id='word_1_142' title='bbox 179 1352 260 1393; x_wconf 82' lang='lat' dir='ltr'>1llelnt</span> <span class='ocrx_word' id='word_1_143' title='bbox 275 1351 451 1399; x_wconf 82' lang='lat' dir='ltr'>llaimonides,</span> <span class='ocrx_word' id='word_1_144' title='bbox 468 1353 522 1391; x_wconf 85' lang='lat' dir='ltr'>llore</span> <span class='ocrx_word' id='word_1_145' title='bbox 533 1351 638 1393; x_wconf 89' lang='lat' dir='ltr'>nehochim</span> <span class='ocrx_word' id='word_1_146' title='bbox 651 1357 669 1397; x_wconf 82' lang='grc'><strong>3,</strong></span> <span class='ocrx_word' id='word_1_147' title='bbox 682 1358 721 1393; x_wconf 81' lang='lat'>41:</span> <span class='ocrx_word' id='word_1_148' title='bbox 737 1351 831 1400; x_wconf 73' lang='lat' dir='ltr'>„Festum</span> <span class='ocrx_word' id='word_1_149' title='bbox 848 1351 1006 1402; x_wconf 85' lang='lat' dir='ltr'>septimanarum</span> 
     </span>
     <span class='ocr_line' id='line_1_18' title="bbox 115 1412 1006 1464; baseline -0.001 -11"><span class='ocrx_word' id='word_1_150' title='bbox 115 1415 145 1453; x_wconf 89' lang='lat' dir='ltr'>est</span> <span class='ocrx_word' id='word_1_151' title='bbox 161 1414 203 1453; x_wconf 87' lang='lat' dir='ltr'>dies</span> <span class='ocrx_word' id='word_1_152' title='bbox 223 1414 264 1460; x_wconf 89' lang='lat' dir='ltr'>ille,</span> <span class='ocrx_word' id='word_1_153' title='bbox 286 1425 326 1464; x_wconf 87' lang='lat' dir='ltr'>quo</span> <span class='ocrx_word' id='word_1_154' title='bbox 346 1413 378 1451; x_wconf 80' lang='lat' dir='ltr'>lex</span> <span class='ocrx_word' id='word_1_155' title='bbox 399 1412 446 1452; x_wconf 85' lang='lat' dir='ltr'>data</span> <span class='ocrx_word' id='word_1_156' title='bbox 466 1416 502 1453; x_wconf 81' lang='lat' dir='ltr'>est.</span> <span class='ocrx_word' id='word_1_157' title='bbox 534 1413 566 1452; x_wconf 88' lang='lat' dir='ltr'>Ad</span> <span class='ocrx_word' id='word_1_158' title='bbox 581 1413 642 1452; x_wconf 89' lang='lat' dir='ltr'>huius</span> <span class='ocrx_word' id='word_1_159' title='bbox 658 1412 698 1451; x_wconf 87' lang='lat' dir='ltr'>dici</span> <span class='ocrx_word' id='word_1_160' title='bbox 718 1413 813 1452; x_wconf 82' lang='lat' dir='ltr'>honorem</span> <span class='ocrx_word' id='word_1_161' title='bbox 834 1412 929 1463; x_wconf 88' lang='lat' dir='ltr'>pertinet,</span> <span class='ocrx_word' id='word_1_162' title='bbox 952 1415 1006 1463; x_wconf 84' lang='lat' dir='ltr'>quod</span> 
     </span>
     <span class='ocr_line' id='line_1_19' title="bbox 115 1470 1011 1529; baseline -0.001 -15"><span class='ocrx_word' id='word_1_163' title='bbox 115 1475 157 1514; x_wconf 91' lang='lat' dir='ltr'>dies</span> <span class='ocrx_word' id='word_1_164' title='bbox 175 1489 185 1513; x_wconf 85' lang='lat' dir='ltr'>a</span> <span class='ocrx_word' id='word_1_165' title='bbox 201 1473 331 1524; x_wconf 80' lang='lat' dir='ltr'>praecedente</span> <span class='ocrx_word' id='word_1_166' title='bbox 352 1474 445 1513; x_wconf 88' lang='lat' dir='ltr'>sollemni</span> <span class='ocrx_word' id='word_1_167' title='bbox 465 1473 517 1513; x_wconf 85' lang='lat' dir='ltr'>festo</span> <span class='ocrx_word' id='word_1_168' title='bbox 539 1470 651 1529; x_wconf 80' lang='lat' dir='ltr'>(paschate)</span> <span class='ocrx_word' id='word_1_169' title='bbox 673 1473 697 1512; x_wconf 88' lang='lat' dir='ltr'>ad</span> <span class='ocrx_word' id='word_1_170' title='bbox 712 1473 770 1513; x_wconf 88' lang='lat' dir='ltr'>illum</span> <span class='ocrx_word' id='word_1_171' title='bbox 786 1486 851 1524; x_wconf 87' lang='lat' dir='ltr'>usque</span> <span class='ocrx_word' id='word_1_172' title='bbox 867 1474 920 1512; x_wconf 89' lang='lat' dir='ltr'>diem</span> <span class='ocrx_word' id='word_1_173' title='bbox 936 1487 1011 1513; x_wconf 74' lang='lat' dir='ltr'>nume-v</span> 
     </span>
     <span class='ocr_line' id='line_1_20' title="bbox 113 1534 1005 1587; baseline -0.002 -11"><span class='ocrx_word' id='word_1_174' title='bbox 113 1538 205 1587; x_wconf 74' lang='lat' dir='ltr'>rantur‘.</span> <span class='ocrx_word' id='word_1_175' title='bbox 215 1558 246 1563; x_wconf 63' lang='lat'>-</span> <span class='ocrx_word' id='word_1_176' title='bbox 257 1535 295 1574; x_wconf 88' lang='lat' dir='ltr'>Sed</span> <span class='ocrx_word' id='word_1_177' title='bbox 311 1534 346 1573; x_wconf 85' lang='lat' dir='ltr'>alii</span> <span class='ocrx_word' id='word_1_178' title='bbox 362 1534 442 1574; x_wconf 81' lang='lat' dir='ltr'>rabbini</span> <span class='ocrx_word' id='word_1_179' title='bbox 453 1534 477 1573; x_wconf 91' lang='lat' dir='ltr'>de</span> <span class='ocrx_word' id='word_1_180' title='bbox 493 1535 530 1573; x_wconf 89' lang='lat' dir='ltr'>hac</span> <span class='ocrx_word' id='word_1_181' title='bbox 545 1548 567 1574; x_wconf 86' lang='lat' dir='ltr'>re</span> <span class='ocrx_word' id='word_1_182' title='bbox 583 1534 642 1574; x_wconf 85' lang='lat' dir='ltr'>aliam</span> <span class='ocrx_word' id='word_1_183' title='bbox 658 1534 735 1574; x_wconf 85' lang='lat' dir='ltr'>habent</span> <span class='ocrx_word' id='word_1_184' title='bbox 751 1534 871 1586; x_wconf 75' lang='lat' dir='ltr'>opinionem,</span> <span class='ocrx_word' id='word_1_185' title='bbox 888 1538 912 1573; x_wconf 85' lang='lat' dir='ltr'>ut</span> <span class='ocrx_word' id='word_1_186' title='bbox 928 1536 1005 1574; x_wconf 62' lang='lat' dir='ltr'>Aliae</span> 
     </span>
     <span class='ocr_line' id='line_1_21' title="bbox 114 1595 1006 1646; baseline -0.001 -10"><span class='ocrx_word' id='word_1_187' title='bbox 114 1597 198 1643; x_wconf 77' lang='lat' dir='ltr'>bonel,</span> <span class='ocrx_word' id='word_1_188' title='bbox 220 1598 293 1638; x_wconf 80' lang='lat' dir='ltr'>Oomm.</span> <span class='ocrx_word' id='word_1_189' title='bbox 310 1595 334 1634; x_wconf 84' lang='lat' dir='ltr'>ad</span> <span class='ocrx_word' id='word_1_190' title='bbox 350 1596 416 1646; x_wconf 78' lang='lat' dir='ltr'>legem</span> <span class='ocrx_word' id='word_1_191' title='bbox 432 1595 465 1635; x_wconf 86' lang='lat' dir='ltr'>sol.</span> <span class='ocrx_word' id='word_1_192' title='bbox 484 1601 537 1637; x_wconf 76' lang='lat'>202:</span> <span class='ocrx_word' id='word_1_193' title='bbox 560 1595 624 1643; x_wconf 84' lang='lat' dir='ltr'>„Nam</span> <span class='ocrx_word' id='word_1_194' title='bbox 640 1596 673 1634; x_wconf 79' lang='lat' dir='ltr'>lex</span> <span class='ocrx_word' id='word_1_195' title='bbox 689 1595 805 1635; x_wconf 86' lang='lat' dir='ltr'>divina...</span> <span class='ocrx_word' id='word_1_196' title='bbox 822 1608 863 1634; x_wconf 92' lang='lat' dir='ltr'>non</span> <span class='ocrx_word' id='word_1_197' title='bbox 880 1608 929 1646; x_wconf 85' lang='lat' dir='ltr'>opus</span> <span class='ocrx_word' id='word_1_198' title='bbox 945 1596 1006 1636; x_wconf 86' lang='lat' dir='ltr'>habet</span> 
     </span>
     <span class='ocr_line' id='line_1_22' title="bbox 115 1656 1005 1708; baseline -0.001 -11"><span class='ocrx_word' id='word_1_199' title='bbox 115 1657 273 1697; x_wconf 85' lang='lat' dir='ltr'>sanctificatione</span> <span class='ocrx_word' id='word_1_200' title='bbox 295 1656 341 1704; x_wconf 88' lang='lat' dir='ltr'>diei,</span> <span class='ocrx_word' id='word_1_201' title='bbox 363 1668 403 1706; x_wconf 87' lang='lat' dir='ltr'>quo</span> <span class='ocrx_word' id='word_1_202' title='bbox 425 1656 468 1695; x_wconf 88' lang='lat' dir='ltr'>eius</span> <span class='ocrx_word' id='word_1_203' title='bbox 488 1658 584 1696; x_wconf 83' lang='lat' dir='ltr'>memoria</span> <span class='ocrx_word' id='word_1_204' title='bbox 599 1656 706 1696; x_wconf 88' lang='lat' dir='ltr'>recolatur.</span> <span class='ocrx_word' id='word_1_205' title='bbox 738 1656 776 1696; x_wconf 84' lang='lat' dir='ltr'>Sed</span> <span class='ocrx_word' id='word_1_206' title='bbox 797 1668 855 1695; x_wconf 86' lang='lat' dir='ltr'>causa</span> <span class='ocrx_word' id='word_1_207' title='bbox 877 1656 922 1695; x_wconf 83' lang='lat' dir='ltr'>testi</span> <span class='ocrx_word' id='word_1_208' title='bbox 944 1658 1005 1708; x_wconf 85' lang='lat' dir='ltr'>septi-</span> 
     </span>
     <span class='ocr_line' id='line_1_23' title="bbox 114 1716 1005 1768; baseline -0.001 -10"><span class='ocrx_word' id='word_1_209' title='bbox 114 1732 220 1758; x_wconf 86' lang='lat' dir='ltr'>manarum</span> <span class='ocrx_word' id='word_1_210' title='bbox 236 1719 267 1757; x_wconf 88' lang='lat' dir='ltr'>est</span> <span class='ocrx_word' id='word_1_211' title='bbox 282 1717 364 1756; x_wconf 89' lang='lat' dir='ltr'>initium</span> <span class='ocrx_word' id='word_1_212' title='bbox 380 1717 451 1756; x_wconf 85' lang='lat' dir='ltr'>messis</span> <span class='ocrx_word' id='word_1_213' title='bbox 467 1716 579 1759; x_wconf 86' lang='lat' dir='ltr'>tritici...</span> <span class='ocrx_word' id='word_1_214' title='bbox 611 1718 654 1756; x_wconf 90' lang='lat' dir='ltr'>Hoc</span> <span class='ocrx_word' id='word_1_215' title='bbox 671 1717 752 1768; x_wconf 89' lang='lat' dir='ltr'>quidem</span> <span class='ocrx_word' id='word_1_216' title='bbox 774 1720 829 1756; x_wconf 84' lang='lat' dir='ltr'>extra</span> <span class='ocrx_word' id='word_1_217' title='bbox 851 1718 1005 1757; x_wconf 61' lang='lat' dir='ltr'>controversiam</span> 
     </span>
     <span class='ocr_line' id='line_1_24' title="bbox 115 1777 1004 1830; baseline -0.002 -11"><span class='ocrx_word' id='word_1_218' title='bbox 115 1781 149 1827; x_wconf 82' lang='lat' dir='ltr'>est,</span> <span class='ocrx_word' id='word_1_219' title='bbox 166 1779 221 1830; x_wconf 86' lang='lat' dir='ltr'>quod</span> <span class='ocrx_word' id='word_1_220' title='bbox 236 1779 258 1818; x_wconf 89' lang='lat' dir='ltr'>in</span> <span class='ocrx_word' id='word_1_221' title='bbox 273 1778 320 1818; x_wconf 82' lang='lat' dir='ltr'>festi</span> <span class='ocrx_word' id='word_1_222' title='bbox 336 1777 494 1828; x_wconf 85' lang='lat' dir='ltr'>septimanarum</span> <span class='ocrx_word' id='word_1_223' title='bbox 511 1778 543 1816; x_wconf 92' lang='lat' dir='ltr'>die</span> <span class='ocrx_word' id='word_1_224' title='bbox 560 1779 592 1818; x_wconf 81' lang='lat' dir='ltr'>lex</span> <span class='ocrx_word' id='word_1_225' title='bbox 607 1779 654 1818; x_wconf 83' lang='lat' dir='ltr'>data</span> <span class='ocrx_word' id='word_1_226' title='bbox 670 1780 702 1825; x_wconf 85' lang='lat' dir='ltr'>sit,</span> <span class='ocrx_word' id='word_1_227' title='bbox 719 1778 754 1817; x_wconf 90' lang='lat' dir='ltr'>sed</span> <span class='ocrx_word' id='word_1_228' title='bbox 775 1778 850 1818; x_wconf 83' lang='lat' dir='ltr'>festum</span> <span class='ocrx_word' id='word_1_229' title='bbox 866 1778 888 1817; x_wconf 91' lang='lat' dir='ltr'>in</span> <span class='ocrx_word' id='word_1_230' title='bbox 904 1779 947 1818; x_wconf 88' lang='lat' dir='ltr'>eius</span> <span class='ocrx_word' id='word_1_231' title='bbox 963 1791 1004 1817; x_wconf 87' lang='lat' dir='ltr'>rne-</span> 
     </span>
     <span class='ocr_line' id='line_1_25' title="bbox 115 1836 969 1894; baseline -0.002 -14"><span class='ocrx_word' id='word_1_232' title='bbox 115 1841 201 1880; x_wconf 87' lang='lat' dir='ltr'>moriam</span> <span class='ocrx_word' id='word_1_233' title='bbox 216 1853 257 1879; x_wconf 91' lang='lat' dir='ltr'>non</span> <span class='ocrx_word' id='word_1_234' title='bbox 272 1839 411 1878; x_wconf 77' lang='lat' dir='ltr'>institutuin“.</span> <span class='ocrx_word' id='word_1_235' title='bbox 438 1838 532 1878; x_wconf 81' lang='lat' dir='ltr'>Conteras</span> <span class='ocrx_word' id='word_1_236' title='bbox 549 1840 611 1878; x_wconf 87' lang='lat' dir='ltr'>etiam</span> <span class='ocrx_word' id='word_1_237' title='bbox 626 1839 704 1880; x_wconf 87' lang='lat' dir='ltr'>Hieros.</span> <span class='ocrx_word' id='word_1_238' title='bbox 721 1838 825 1878; x_wconf 91' lang='lat' dir='ltr'>Pesachim</span> <span class='ocrx_word' id='word_1_239' title='bbox 843 1836 867 1894; x_wconf 27' lang='lat' dir='ltr'>(Le.</span> <span class='ocrx_word' id='word_1_240' title='bbox 881 1840 901 1892; x_wconf 77' lang='lat'>1)</span> <span class='ocrx_word' id='word_1_241' title='bbox 919 1836 969 1881; x_wconf 72' lang='grc'><strong>081).</strong></span> 
     </span>
    </p>
   </div>
   <div class='ocr_carea' id='block_1_5' title="bbox 114 1911 1006 3181">
    <p class='ocr_par' dir='ltr' id='par_1_5' title="bbox 114 1911 1006 3181">
     <span class='ocr_line' id='line_1_26' title="bbox 175 1911 1005 1963; baseline 0.001 -11"><span class='ocrx_word' id='word_1_242' title='bbox 175 1913 204 1952; x_wconf 82' lang='lat' dir='ltr'>Ex</span> <span class='ocrx_word' id='word_1_243' title='bbox 220 1911 292 1952; x_wconf 85' lang='lat' dir='ltr'>multis</span> <span class='ocrx_word' id='word_1_244' title='bbox 307 1911 356 1951; x_wconf 86' lang='lat' dir='ltr'>locis</span> <span class='ocrx_word' id='word_1_245' title='bbox 372 1912 453 1962; x_wconf 87' lang='lat' dir='ltr'>patrum</span> <span class='ocrx_word' id='word_1_246' title='bbox 470 1911 570 1959; x_wconf 86' lang='lat' dir='ltr'>ecclesiae,</span> <span class='ocrx_word' id='word_1_247' title='bbox 588 1913 623 1963; x_wconf 88' lang='lat' dir='ltr'>qui</span> <span class='ocrx_word' id='word_1_248' title='bbox 634 1912 673 1951; x_wconf 88' lang='lat' dir='ltr'>huc</span> <span class='ocrx_word' id='word_1_249' title='bbox 684 1913 781 1962; x_wconf 87' lang='lat' dir='ltr'>spectant,</span> <span class='ocrx_word' id='word_1_250' title='bbox 798 1924 871 1962; x_wconf 85' lang='lat' dir='ltr'>paucos</span> <span class='ocrx_word' id='word_1_251' title='bbox 887 1912 1005 1953; x_wconf 83' lang='lat' dir='ltr'>afferamus:</span> 
     </span>
     <span class='ocr_line' id='line_1_27' title="bbox 115 1971 1006 2026; baseline 0 -13"><span class='ocrx_word' id='word_1_252' title='bbox 115 1974 264 2026; x_wconf 76' lang='lat' dir='ltr'>Hieronym,</span> <span class='ocrx_word' id='word_1_253' title='bbox 280 1973 316 2025; x_wconf 85' lang='lat' dir='ltr'>Ep.</span> <span class='ocrx_word' id='word_1_254' title='bbox 329 1977 362 2015; x_wconf 71' lang='lat' dir='ltr'>ts.</span> <span class='ocrx_word' id='word_1_255' title='bbox 379 1971 403 2011; x_wconf 89' lang='lat' dir='ltr'>ad</span> <span class='ocrx_word' id='word_1_256' title='bbox 414 1971 522 2020; x_wconf 82' lang='lat' dir='ltr'>Fabiolam,</span> <span class='ocrx_word' id='word_1_257' title='bbox 542 1979 575 2016; x_wconf 73' lang='lat'>12.</span> <span class='ocrx_word' id='word_1_258' title='bbox 587 1986 649 2014; x_wconf 81' lang='lat' dir='ltr'>mans.</span> <span class='ocrx_word' id='word_1_259' title='bbox 667 1973 726 2012; x_wconf 81' lang='lat' dir='ltr'>MSL</span> <span class='ocrx_word' id='word_1_260' title='bbox 743 1979 777 2020; x_wconf 70' lang='lat'>22,</span> <span class='ocrx_word' id='word_1_261' title='bbox 791 1980 846 2016; x_wconf 76' lang='lat'>¹101:</span> <span class='ocrx_word' id='word_1_262' title='bbox 863 1973 1006 2022; x_wconf 61' lang='lat' dir='ltr'>‚inveniemus</span> 
     </span>
     <span class='ocr_line' id='line_1_28' title="bbox 115 2032 1006 2087; baseline 0.001 -13"><span class='ocrx_word' id='word_1_263' title='bbox 115 2034 284 2087; x_wconf 78' lang='lat' dir='ltr'>quinquagesimo</span> <span class='ocrx_word' id='word_1_264' title='bbox 301 2033 332 2073; x_wconf 91' lang='lat' dir='ltr'>die</span> <span class='ocrx_word' id='word_1_265' title='bbox 353 2032 472 2085; x_wconf 79' lang='lat' dir='ltr'>egressionis</span> <span class='ocrx_word' id='word_1_266' title='bbox 493 2033 557 2073; x_wconf 83' lang='lat' dir='ltr'>lsrael</span> <span class='ocrx_word' id='word_1_267' title='bbox 577 2047 600 2073; x_wconf 85' lang='lat' dir='ltr'>ex</span> <span class='ocrx_word' id='word_1_268' title='bbox 616 2035 709 2086; x_wconf 76' lang='lat' dir='ltr'>Aegypto</span> <span class='ocrx_word' id='word_1_269' title='bbox 725 2033 746 2072; x_wconf 86' lang='lat' dir='ltr'>in</span> <span class='ocrx_word' id='word_1_270' title='bbox 762 2033 838 2073; x_wconf 82' lang='lat' dir='ltr'>vertice</span> <span class='ocrx_word' id='word_1_271' title='bbox 859 2035 934 2073; x_wconf 87' lang='lat' dir='ltr'>montis</span> <span class='ocrx_word' id='word_1_272' title='bbox 951 2035 1006 2076; x_wconf 80' lang='lat' dir='ltr'>Sinai</span> 
     </span>
     <span class='ocr_line' id='line_1_29' title="bbox 114 2095 1006 2147; baseline 0 -11"><span class='ocrx_word' id='word_1_273' title='bbox 114 2096 181 2147; x_wconf 82' lang='lat' dir='ltr'>legem</span> <span class='ocrx_word' id='word_1_274' title='bbox 197 2095 275 2142; x_wconf 79' lang='lat' dir='ltr'>datam3</span> <span class='ocrx_word' id='word_1_275' title='bbox 296 2095 347 2134; x_wconf 79' lang='lat' dir='ltr'>irride</span> <span class='ocrx_word' id='word_1_276' title='bbox 363 2096 383 2134; x_wconf 90' lang='lat' dir='ltr'>et</span> <span class='ocrx_word' id='word_1_277' title='bbox 398 2096 525 2144; x_wconf 81' lang='lat' dir='ltr'>pentecostes</span> <span class='ocrx_word' id='word_1_278' title='bbox 546 2095 660 2134; x_wconf 86' lang='lat' dir='ltr'>celebratur</span> <span class='ocrx_word' id='word_1_279' title='bbox 680 2095 805 2134; x_wconf 86' lang='lat' dir='ltr'>sollemnitas</span> <span class='ocrx_word' id='word_1_280' title='bbox 822 2098 842 2133; x_wconf 86' lang='lat' dir='ltr'>et</span> <span class='ocrx_word' id='word_1_281' title='bbox 857 2100 927 2145; x_wconf 81' lang='lat' dir='ltr'>pastea</span> <span class='ocrx_word' id='word_1_282' title='bbox 947 2110 1006 2136; x_wconf 85' lang='lat' dir='ltr'>evan—</span> 
     </span>
     <span class='ocr_line' id='line_1_30' title="bbox 115 2154 1005 2209; baseline 0.001 -14"><span class='ocrx_word' id='word_1_283' title='bbox 115 2157 164 2208; x_wconf 86' lang='lat' dir='ltr'>gelii</span> <span class='ocrx_word' id='word_1_284' title='bbox 192 2158 338 2196; x_wconf 84' lang='lat' dir='ltr'>sacramentum</span> <span class='ocrx_word' id='word_1_285' title='bbox 367 2154 451 2205; x_wconf 87' lang='lat' dir='ltr'>spiritus</span> <span class='ocrx_word' id='word_1_286' title='bbox 480 2155 545 2194; x_wconf 86' lang='lat' dir='ltr'>sancti</span> <span class='ocrx_word' id='word_1_287' title='bbox 573 2155 701 2195; x_wconf 84' lang='lat' dir='ltr'>descensione</span> <span class='ocrx_word' id='word_1_288' title='bbox 729 2156 861 2205; x_wconf 65' lang='lat' dir='ltr'>conpletur-r.</span> <span class='ocrx_word' id='word_1_289' title='bbox 896 2158 1005 2209; x_wconf 73' lang='lat' dir='ltr'>August.</span> 
     </span>
     <span class='ocr_line' id='line_1_31' title="bbox 115 2215 1006 2267; baseline 0.001 -11"><span class='ocrx_word' id='word_1_290' title='bbox 115 2218 134 2256; x_wconf 80' lang='lat' dir='ltr'>C.</span> <span class='ocrx_word' id='word_1_291' title='bbox 150 2217 218 2256; x_wconf 81' lang='lat' dir='ltr'>Faust.</span> <span class='ocrx_word' id='word_1_292' title='bbox 236 2223 270 2264; x_wconf 78' lang='lat'>32,</span> <span class='ocrx_word' id='word_1_293' title='bbox 290 2222 322 2257; x_wconf 77' lang='lat'>12.</span> <span class='ocrx_word' id='word_1_294' title='bbox 338 2215 365 2255; x_wconf 86' lang='lat' dir='ltr'>ih.</span> <span class='ocrx_word' id='word_1_295' title='bbox 381 2221 416 2262; x_wconf 81' lang='lat'>42,</span> <span class='ocrx_word' id='word_1_296' title='bbox 435 2220 489 2257; x_wconf 80' lang='lat'>503:</span> <span class='ocrx_word' id='word_1_297' title='bbox 506 2216 651 2263; x_wconf 81' lang='lat' dir='ltr'>„Pentecosten</span> <span class='ocrx_word' id='word_1_298' title='bbox 667 2217 827 2257; x_wconf 85' lang='lat' dir='ltr'>celebramus...</span> <span class='ocrx_word' id='word_1_299' title='bbox 844 2218 897 2267; x_wconf 81' lang='lat' dir='ltr'>quod</span> <span class='ocrx_word' id='word_1_300' title='bbox 914 2217 1006 2257; x_wconf 84' lang='lat' dir='ltr'>futurum</span> 
     </span>
     <span class='ocr_line' id='line_1_32' title="bbox 115 2276 1006 2329; baseline 0 -11"><span class='ocrx_word' id='word_1_301' title='bbox 115 2279 176 2318; x_wconf 83' lang='lat' dir='ltr'>etiam</span> <span class='ocrx_word' id='word_1_302' title='bbox 192 2291 228 2329; x_wconf 89' lang='lat' dir='ltr'>per</span> <span class='ocrx_word' id='word_1_303' title='bbox 238 2277 362 2317; x_wconf 86' lang='lat' dir='ltr'>Judaeorum</span> <span class='ocrx_word' id='word_1_304' title='bbox 379 2276 452 2326; x_wconf 84' lang='lat' dir='ltr'>pascha</span> <span class='ocrx_word' id='word_1_305' title='bbox 468 2276 604 2329; x_wconf 80' lang='lat' dir='ltr'>significatum</span> <span class='ocrx_word' id='word_1_306' title='bbox 622 2279 658 2324; x_wconf 87' lang='lat' dir='ltr'>est,</span> <span class='ocrx_word' id='word_1_307' title='bbox 676 2290 720 2317; x_wconf 89' lang='lat' dir='ltr'>cum</span> <span class='ocrx_word' id='word_1_308' title='bbox 733 2277 901 2329; x_wconf 80' lang='lat' dir='ltr'>quinquagesimo</span> <span class='ocrx_word' id='word_1_309' title='bbox 913 2279 944 2318; x_wconf 84' lang='lat' dir='ltr'>die</span> <span class='ocrx_word' id='word_1_310' title='bbox 960 2282 1006 2329; x_wconf 89' lang='lat' dir='ltr'>post</span> 
     </span>
     <span class='ocr_line' id='line_1_33' title="bbox 115 2337 1006 2390; baseline 0.004 -12"><span class='ocrx_word' id='word_1_311' title='bbox 115 2339 271 2378; x_wconf 85' lang='lat' dir='ltr'>celebrationem</span> <span class='ocrx_word' id='word_1_312' title='bbox 282 2339 325 2377; x_wconf 84' lang='lat' dir='ltr'>ovis</span> <span class='ocrx_word' id='word_1_313' title='bbox 336 2337 411 2377; x_wconf 85' lang='lat' dir='ltr'>occisae</span> <span class='ocrx_word' id='word_1_314' title='bbox 421 2337 485 2377; x_wconf 84' lang='lat' dir='ltr'>Moses</span> <span class='ocrx_word' id='word_1_315' title='bbox 496 2337 560 2389; x_wconf 86' lang='lat' dir='ltr'>digito</span> <span class='ocrx_word' id='word_1_316' title='bbox 572 2338 604 2377; x_wconf 87' lang='lat' dir='ltr'>dei</span> <span class='ocrx_word' id='word_1_317' title='bbox 616 2338 713 2388; x_wconf 84' lang='lat' dir='ltr'>scriptam</span> <span class='ocrx_word' id='word_1_318' title='bbox 724 2339 790 2390; x_wconf 80' lang='lat' dir='ltr'>legem</span> <span class='ocrx_word' id='word_1_319' title='bbox 801 2339 877 2388; x_wconf 85' lang='lat' dir='ltr'>aceepit</span> <span class='ocrx_word' id='word_1_320' title='bbox 887 2339 908 2377; x_wconf 90' lang='lat' dir='ltr'>in</span> <span class='ocrx_word' id='word_1_321' title='bbox 919 2342 1006 2382; x_wconf 78' lang='lat' dir='ltr'>monte‘¹.</span> 
     </span>
     <span class='ocr_line' id='line_1_34' title="bbox 115 2397 1006 2449; baseline 0.001 -10"><span class='ocrx_word' id='word_1_322' title='bbox 115 2400 187 2440; x_wconf 82' lang='lat' dir='ltr'>Videas</span> <span class='ocrx_word' id='word_1_323' title='bbox 202 2400 234 2439; x_wconf 83' lang='lat' dir='ltr'>Ad</span> <span class='ocrx_word' id='word_1_324' title='bbox 249 2398 340 2449; x_wconf 86' lang='lat' dir='ltr'>inquisit.</span> <span class='ocrx_word' id='word_1_325' title='bbox 362 2398 445 2437; x_wconf 69' lang='lat' dir='ltr'>ianuar.</span> <span class='ocrx_word' id='word_1_326' title='bbox 462 2398 475 2440; x_wconf 90' lang='grc'>1,</span> <span class='ocrx_word' id='word_1_327' title='bbox 493 2405 512 2441; x_wconf 81' lang='grc'>2,</span> <span class='ocrx_word' id='word_1_328' title='bbox 528 2398 571 2438; x_wconf 83' lang='lat' dir='ltr'>sire</span> <span class='ocrx_word' id='word_1_329' title='bbox 587 2412 617 2449; x_wconf 86' lang='lat' dir='ltr'>ep.</span> <span class='ocrx_word' id='word_1_330' title='bbox 635 2406 669 2448; x_wconf 77' lang='grc'>55,</span> <span class='ocrx_word' id='word_1_331' title='bbox 689 2406 721 2441; x_wconf 83' lang='grc'>16,</span> <span class='ocrx_word' id='word_1_332' title='bbox 742 2400 811 2440; x_wconf 82' lang='lat' dir='ltr'>Enarr.</span> <span class='ocrx_word' id='word_1_333' title='bbox 828 2400 849 2438; x_wconf 88' lang='lat' dir='ltr'>in</span> <span class='ocrx_word' id='word_1_334' title='bbox 865 2400 891 2439; x_wconf 78' lang='lat' dir='ltr'>rs</span> <span class='ocrx_word' id='word_1_335' title='bbox 909 2407 942 2443; x_wconf 82' lang='grc'>00,</span> <span class='ocrx_word' id='word_1_336' title='bbox 959 2397 969 2444; x_wconf 71' lang='grc' dir='ltr'>ἓ</span> <span class='ocrx_word' id='word_1_337' title='bbox 988 2410 1006 2441; x_wconf 77' lang='lat' dir='ltr'>s.</span> 
     </span>
     <span class='ocr_line' id='line_1_35' title="bbox 115 2459 1005 2512; baseline 0.003 -13"><span class='ocrx_word' id='word_1_338' title='bbox 115 2462 177 2503; x_wconf 81' lang='lat' dir='ltr'>Serm.</span> <span class='ocrx_word' id='word_1_339' title='bbox 195 2467 213 2503; x_wconf 82' lang='lat' dir='ltr'>S.</span> <span class='ocrx_word' id='word_1_340' title='bbox 230 2474 245 2499; x_wconf 87' lang='lat' dir='ltr'>e.</span> <span class='ocrx_word' id='word_1_341' title='bbox 264 2459 339 2501; x_wconf 73' lang='grc'><strong>1111).</strong></span> <span class='ocrx_word' id='word_1_342' title='bbox 357 2464 391 2506; x_wconf 78' lang='lat'>33,</span> <span class='ocrx_word' id='word_1_343' title='bbox 409 2464 463 2505; x_wconf 76' lang='lat'>2183</span> <span class='ocrx_word' id='word_1_344' title='bbox 481 2465 515 2506; x_wconf 78' lang='lat'>37,</span> <span class='ocrx_word' id='word_1_345' title='bbox 535 2465 603 2507; x_wconf 73' lang='lat'>11073</span> <span class='ocrx_word' id='word_1_346' title='bbox 622 2465 655 2508; x_wconf 76' lang='lat'>30,</span> <span class='ocrx_word' id='word_1_347' title='bbox 675 2466 708 2502; x_wconf 76' lang='grc'>74,</span> <span class='ocrx_word' id='word_1_348' title='bbox 724 2460 775 2500; x_wconf 84' lang='lat' dir='ltr'>item</span> <span class='ocrx_word' id='word_1_349' title='bbox 793 2459 895 2512; x_wconf 75' lang='lat' dir='ltr'>Origen.</span> <span class='ocrx_word' id='word_1_350' title='bbox 912 2460 969 2500; x_wconf 86' lang='lat' dir='ltr'>Hom.</span> <span class='ocrx_word' id='word_1_351' title='bbox 987 2468 1005 2502; x_wconf 71' lang='lat'>2.</span> 
     </span>
     <span class='ocr_line' id='line_1_36' title="bbox 115 2518 1004 2572; baseline 0.004 -12"><span class='ocrx_word' id='word_1_352' title='bbox 115 2521 137 2561; x_wconf 91' lang='lat' dir='ltr'>in</span> <span class='ocrx_word' id='word_1_353' title='bbox 152 2522 199 2562; x_wconf 86' lang='lat' dir='ltr'>Ler.</span> <span class='ocrx_word' id='word_1_354' title='bbox 216 2518 257 2566; x_wconf 58' lang='grc'><strong>12.</strong></span> <span class='ocrx_word' id='word_1_355' title='bbox 273 2520 334 2561; x_wconf 72' lang='lat'>1180</span> <span class='ocrx_word' id='word_1_356' title='bbox 351 2526 384 2567; x_wconf 73' lang='lat'>12,</span> <span class='ocrx_word' id='word_1_357' title='bbox 398 2525 447 2561; x_wconf 76' lang='lat'>414.</span> <span class='ocrx_word' id='word_1_358' title='bbox 463 2521 500 2563; x_wconf 82' lang='lat' dir='ltr'>rs.</span> <span class='ocrx_word' id='word_1_359' title='bbox 516 2521 628 2572; x_wconf 68' lang='lat' dir='ltr'>August,</span> <span class='ocrx_word' id='word_1_360' title='bbox 645 2520 725 2567; x_wconf 69' lang='lat' dir='ltr'>Quaest.</span> <span class='ocrx_word' id='word_1_361' title='bbox 736 2524 775 2562; x_wconf 84' lang='lat' dir='ltr'>ret.</span> <span class='ocrx_word' id='word_1_362' title='bbox 791 2523 811 2560; x_wconf 88' lang='lat' dir='ltr'>et</span> <span class='ocrx_word' id='word_1_363' title='bbox 827 2534 872 2560; x_wconf 77' lang='lat' dir='ltr'>nov,</span> <span class='ocrx_word' id='word_1_364' title='bbox 888 2525 933 2564; x_wconf 84' lang='lat' dir='ltr'>test,</span> <span class='ocrx_word' id='word_1_365' title='bbox 946 2528 1004 2569; x_wconf 75' lang='lat'>05,2</span> 
     </span>
     <span class='ocr_line' id='line_1_37' title="bbox 116 2578 1005 2636; baseline 0.003 -14"><span class='ocrx_word' id='word_1_366' title='bbox 116 2583 180 2636; x_wconf 75' lang='lat' dir='ltr'>(dorp.</span> <span class='ocrx_word' id='word_1_367' title='bbox 197 2581 421 2633; x_wconf 81' lang='lat' dir='ltr'>seript.ecc1.Lat.50,</span> <span class='ocrx_word' id='word_1_368' title='bbox 436 2578 569 2636; x_wconf 75' lang='lat'>100—110).</span> <span class='ocrx_word' id='word_1_369' title='bbox 596 2582 662 2622; x_wconf 86' lang='lat' dir='ltr'>Etiam</span> <span class='ocrx_word' id='word_1_370' title='bbox 678 2584 759 2621; x_wconf 86' lang='lat' dir='ltr'>auctore</span> <span class='ocrx_word' id='word_1_371' title='bbox 776 2581 868 2622; x_wconf 71' lang='lat' dir='ltr'>&#39;Phania</span> <span class='ocrx_word' id='word_1_372' title='bbox 885 2583 902 2624; x_wconf 82' lang='lat' dir='ltr'>S.</span> <span class='ocrx_word' id='word_1_373' title='bbox 913 2584 941 2621; x_wconf 91' lang='lat' dir='ltr'>th.</span> <span class='ocrx_word' id='word_1_374' title='bbox 956 2590 973 2630; x_wconf 90' lang='lat'>1,</span> <span class='ocrx_word' id='word_1_375' title='bbox 987 2589 1005 2625; x_wconf 79' lang='lat'>2.</span> 
     </span>
     <span class='ocr_line' id='line_1_38' title="bbox 115 2641 1005 2694; baseline 0.001 -12"><span class='ocrx_word' id='word_1_376' title='bbox 115 2656 150 2694; x_wconf 82' lang='lat' dir='ltr'>qu.</span> <span class='ocrx_word' id='word_1_377' title='bbox 168 2649 216 2685; x_wconf 83' lang='lat'>102.</span> <span class='ocrx_word' id='word_1_378' title='bbox 233 2657 249 2683; x_wconf 81' lang='lat' dir='ltr'>a.</span> <span class='ocrx_word' id='word_1_379' title='bbox 266 2649 285 2683; x_wconf 81' lang='lat'>4.</span> <span class='ocrx_word' id='word_1_380' title='bbox 302 2643 325 2681; x_wconf 88' lang='lat' dir='ltr'>ad</span> <span class='ocrx_word' id='word_1_381' title='bbox 344 2648 370 2684; x_wconf 92' lang='lat'>10</span> <span class='ocrx_word' id='word_1_382' title='bbox 387 2641 462 2680; x_wconf 87' lang='lat' dir='ltr'>testum</span> <span class='ocrx_word' id='word_1_383' title='bbox 479 2641 515 2681; x_wconf 83' lang='lat' dir='ltr'>hoc</span> <span class='ocrx_word' id='word_1_384' title='bbox 532 2643 570 2689; x_wconf 87' lang='lat' dir='ltr'>„ad</span> <span class='ocrx_word' id='word_1_385' title='bbox 587 2643 715 2683; x_wconf 85' lang='lat' dir='ltr'>recolendum</span> <span class='ocrx_word' id='word_1_386' title='bbox 730 2641 850 2682; x_wconf 87' lang='lat' dir='ltr'>beneficium</span> <span class='ocrx_word' id='word_1_387' title='bbox 866 2643 917 2694; x_wconf 82' lang='lat' dir='ltr'>legis</span> <span class='ocrx_word' id='word_1_388' title='bbox 934 2644 1005 2683; x_wconf 70' lang='lat' dir='ltr'>darier</span> 
     </span>
     <span class='ocr_line' id='line_1_39' title="bbox 115 2701 1004 2755; baseline -0.001 -11"><span class='ocrx_word' id='word_1_389' title='bbox 115 2705 219 2755; x_wconf 80' lang='lat' dir='ltr'>agebatur.</span> <span class='ocrx_word' id='word_1_390' title='bbox 252 2704 388 2743; x_wconf 80' lang='lat' dir='ltr'>Conferendus</span> <span class='ocrx_word' id='word_1_391' title='bbox 405 2705 436 2741; x_wconf 91' lang='lat' dir='ltr'>est</span> <span class='ocrx_word' id='word_1_392' title='bbox 451 2702 512 2741; x_wconf 88' lang='lat' dir='ltr'>etiam</span> <span class='ocrx_word' id='word_1_393' title='bbox 529 2703 576 2743; x_wconf 81' lang='lat' dir='ltr'>Leo</span> <span class='ocrx_word' id='word_1_394' title='bbox 592 2704 618 2744; x_wconf 83' lang='lat'>11.</span> <span class='ocrx_word' id='word_1_395' title='bbox 635 2704 695 2743; x_wconf 85' lang='lat' dir='ltr'>Serm.</span> <span class='ocrx_word' id='word_1_396' title='bbox 715 2710 740 2746; x_wconf 77' lang='lat'>75</span> <span class='ocrx_word' id='word_1_397' title='bbox 759 2704 782 2743; x_wconf 90' lang='lat' dir='ltr'>de</span> <span class='ocrx_word' id='word_1_398' title='bbox 799 2705 876 2754; x_wconf 87' lang='lat' dir='ltr'>pentec.</span> <span class='ocrx_word' id='word_1_399' title='bbox 890 2704 904 2743; x_wconf 93' lang='lat' dir='ltr'>I.</span> <span class='ocrx_word' id='word_1_400' title='bbox 921 2701 931 2747; x_wconf 64' lang='grc' dir='ltr'>ἓ</span> <span class='ocrx_word' id='word_1_401' title='bbox 947 2712 966 2746; x_wconf 90' lang='lat'>1.</span> <span class='ocrx_word' id='word_1_402' title='bbox 978 2705 1004 2743; x_wconf 91' lang='lat' dir='ltr'>ib.</span> 
     </span>
     <span class='ocr_line' id='line_1_40' title="bbox 117 2763 1005 2816; baseline -0.002 -10"><span class='ocrx_word' id='word_1_403' title='bbox 117 2771 151 2813; x_wconf 71' lang='lat'>54,</span> <span class='ocrx_word' id='word_1_404' title='bbox 165 2773 207 2808; x_wconf 73' lang='lat'>400</span> <span class='ocrx_word' id='word_1_405' title='bbox 216 2778 235 2806; x_wconf 84' lang='lat' dir='ltr'>s:</span> <span class='ocrx_word' id='word_1_406' title='bbox 251 2765 320 2814; x_wconf 80' lang='lat' dir='ltr'>„Sicut</span> <span class='ocrx_word' id='word_1_407' title='bbox 331 2764 421 2803; x_wconf 86' lang='lat' dir='ltr'>Hebraeo</span> <span class='ocrx_word' id='word_1_408' title='bbox 438 2763 540 2813; x_wconf 86' lang='lat' dir='ltr'>quondam</span> <span class='ocrx_word' id='word_1_409' title='bbox 556 2766 632 2815; x_wconf 90' lang='lat' dir='ltr'>populo</span> <span class='ocrx_word' id='word_1_410' title='bbox 649 2765 673 2803; x_wconf 85' lang='lat' dir='ltr'>ab</span> <span class='ocrx_word' id='word_1_411' title='bbox 684 2764 790 2816; x_wconf 78' lang='lat' dir='ltr'>Aegyptiis</span> <span class='ocrx_word' id='word_1_412' title='bbox 807 2764 891 2803; x_wconf 79' lang='lat' dir='ltr'>liberata</span> <span class='ocrx_word' id='word_1_413' title='bbox 903 2765 1005 2816; x_wconf 74' lang='lat' dir='ltr'>(mirique-</span> 
     </span>
     <span class='ocr_line' id='line_1_41' title="bbox 115 2822 1005 2880; baseline 0 -16"><span class='ocrx_word' id='word_1_414' title='bbox 115 2826 191 2876; x_wconf 79' lang='lat' dir='ltr'>gesimo</span> <span class='ocrx_word' id='word_1_415' title='bbox 208 2826 240 2866; x_wconf 90' lang='lat' dir='ltr'>die</span> <span class='ocrx_word' id='word_1_416' title='bbox 260 2828 306 2876; x_wconf 86' lang='lat' dir='ltr'>post</span> <span class='ocrx_word' id='word_1_417' title='bbox 326 2824 486 2864; x_wconf 87' lang='lat' dir='ltr'>immolationem</span> <span class='ocrx_word' id='word_1_418' title='bbox 502 2825 549 2876; x_wconf 78' lang='lat' dir='ltr'>agni</span> <span class='ocrx_word' id='word_1_419' title='bbox 565 2826 597 2865; x_wconf 79' lang='lat' dir='ltr'>len</span> <span class='ocrx_word' id='word_1_420' title='bbox 613 2826 660 2864; x_wconf 79' lang='lat' dir='ltr'>drita</span> <span class='ocrx_word' id='word_1_421' title='bbox 675 2827 706 2865; x_wconf 86' lang='lat' dir='ltr'>est</span> <span class='ocrx_word' id='word_1_422' title='bbox 722 2826 743 2864; x_wconf 92' lang='lat' dir='ltr'>in</span> <span class='ocrx_word' id='word_1_423' title='bbox 759 2827 827 2864; x_wconf 85' lang='lat' dir='ltr'>monte</span> <span class='ocrx_word' id='word_1_424' title='bbox 844 2824 899 2864; x_wconf 82' lang='lat' dir='ltr'>Sinai</span> <span class='ocrx_word' id='word_1_425' title='bbox 917 2822 953 2880; x_wconf 66' lang='lat' dir='ltr'>(nx</span> <span class='ocrx_word' id='word_1_426' title='bbox 971 2833 1005 2875; x_wconf 79' lang='lat'>10,</span> 
     </span>
     <span class='ocr_line' id='line_1_42' title="bbox 118 2883 1006 2944; baseline -0.002 -17"><span class='ocrx_word' id='word_1_427' title='bbox 118 2892 142 2928; x_wconf 79' lang='grc'>11</span> <span class='ocrx_word' id='word_1_428' title='bbox 156 2883 197 2944; x_wconf 84' lang='lat' dir='ltr'>ss).</span> <span class='ocrx_word' id='word_1_429' title='bbox 213 2887 242 2926; x_wconf 80' lang='lat' dir='ltr'>ita</span> <span class='ocrx_word' id='word_1_430' title='bbox 252 2890 299 2938; x_wconf 89' lang='lat' dir='ltr'>post</span> <span class='ocrx_word' id='word_1_431' title='bbox 312 2886 427 2936; x_wconf 88' lang='lat' dir='ltr'>passionem</span> <span class='ocrx_word' id='word_1_432' title='bbox 438 2884 517 2932; x_wconf 73' lang='lat' dir='ltr'>chrisa,</span> <span class='ocrx_word' id='word_1_433' title='bbox 536 2899 576 2937; x_wconf 82' lang='lat' dir='ltr'>qua</span> <span class='ocrx_word' id='word_1_434' title='bbox 596 2899 656 2925; x_wconf 87' lang='lat' dir='ltr'>verus</span> <span class='ocrx_word' id='word_1_435' title='bbox 672 2886 704 2926; x_wconf 90' lang='lat' dir='ltr'>dei</span> <span class='ocrx_word' id='word_1_436' title='bbox 721 2899 784 2937; x_wconf 77' lang='lat' dir='ltr'>agnus</span> <span class='ocrx_word' id='word_1_437' title='bbox 801 2885 876 2925; x_wconf 86' lang='lat' dir='ltr'>occisus</span> <span class='ocrx_word' id='word_1_438' title='bbox 892 2888 928 2932; x_wconf 72' lang='lat' dir='ltr'>est,</span> <span class='ocrx_word' id='word_1_439' title='bbox 946 2887 1006 2938; x_wconf 74' lang='lat' dir='ltr'>auin-</span> 
     </span>
     <span class='ocr_line' id='line_1_43' title="bbox 115 2944 1006 3000; baseline 0.001 -14"><span class='ocrx_word' id='word_1_440' title='bbox 115 2947 233 3000; x_wconf 83' lang='lat' dir='ltr'>quagesimo</span> <span class='ocrx_word' id='word_1_441' title='bbox 250 2946 424 2987; x_wconf 87' lang='lat' dir='ltr'>aresurrectione</span> <span class='ocrx_word' id='word_1_442' title='bbox 444 2946 509 2996; x_wconf 87' lang='lat' dir='ltr'>ipsius</span> <span class='ocrx_word' id='word_1_443' title='bbox 529 2944 561 2987; x_wconf 87' lang='lat' dir='ltr'>die</span> <span class='ocrx_word' id='word_1_444' title='bbox 578 2947 601 2986; x_wconf 63' lang='lat' dir='ltr'>in&#39;</span> <span class='ocrx_word' id='word_1_445' title='bbox 620 2948 720 2999; x_wconf 84' lang='lat' dir='ltr'>apostolos</span> <span class='ocrx_word' id='word_1_446' title='bbox 740 2947 860 2997; x_wconf 81' lang='lat' dir='ltr'>plebemque</span> <span class='ocrx_word' id='word_1_447' title='bbox 881 2947 1006 2987; x_wconf 81' lang='lat' dir='ltr'>credentium</span> 
     </span>
     <span class='ocr_line' id='line_1_44' title="bbox 115 3005 1006 3063; baseline 0.003 -17"><span class='ocrx_word' id='word_1_448' title='bbox 115 3008 199 3057; x_wconf 88' lang='lat' dir='ltr'>spiritus</span> <span class='ocrx_word' id='word_1_449' title='bbox 222 3012 304 3048; x_wconf 84' lang='lat' dir='ltr'>sanctus</span> <span class='ocrx_word' id='word_1_450' title='bbox 326 3008 411 3059; x_wconf 86' lang='lat' dir='ltr'>illapsus</span> <span class='ocrx_word' id='word_1_451' title='bbox 433 3009 464 3045; x_wconf 89' lang='lat' dir='ltr'>est</span> <span class='ocrx_word' id='word_1_452' title='bbox 486 3005 533 3062; x_wconf 79' lang='lat' dir='ltr'>(Act</span> <span class='ocrx_word' id='word_1_453' title='bbox 555 3015 573 3055; x_wconf 78' lang='grc'><strong>2,</strong></span> <span class='ocrx_word' id='word_1_454' title='bbox 597 3006 624 3063; x_wconf 77' lang='lat'>3),</span> <span class='ocrx_word' id='word_1_455' title='bbox 645 3010 669 3047; x_wconf 87' lang='lat' dir='ltr'>ut</span> <span class='ocrx_word' id='word_1_456' title='bbox 690 3007 750 3047; x_wconf 82' lang='lat' dir='ltr'>facile</span> <span class='ocrx_word' id='word_1_457' title='bbox 772 3006 857 3058; x_wconf 80' lang='lat' dir='ltr'>diligens</span> <span class='ocrx_word' id='word_1_458' title='bbox 880 3008 1006 3049; x_wconf 78' lang='lat' dir='ltr'>Christianus</span> 
     </span>
     <span class='ocr_line' id='line_1_45' title="bbox 115 3068 1005 3120; baseline 0.003 -13"><span class='ocrx_word' id='word_1_459' title='bbox 115 3071 215 3119; x_wconf 84' lang='lat' dir='ltr'>agnoscat,</span> <span class='ocrx_word' id='word_1_460' title='bbox 236 3068 296 3109; x_wconf 86' lang='lat' dir='ltr'>initia</span> <span class='ocrx_word' id='word_1_461' title='bbox 316 3069 389 3108; x_wconf 84' lang='lat' dir='ltr'>veteris</span> <span class='ocrx_word' id='word_1_462' title='bbox 410 3068 526 3107; x_wconf 84' lang='lat' dir='ltr'>testamenti</span> <span class='ocrx_word' id='word_1_463' title='bbox 544 3069 664 3120; x_wconf 80' lang='lat' dir='ltr'>evangelicis</span> <span class='ocrx_word' id='word_1_464' title='bbox 680 3068 807 3107; x_wconf 86' lang='lat' dir='ltr'>ministrasse</span> <span class='ocrx_word' id='word_1_465' title='bbox 823 3068 928 3119; x_wconf 78' lang='lat' dir='ltr'>principiis</span> <span class='ocrx_word' id='word_1_466' title='bbox 945 3073 965 3109; x_wconf 88' lang='lat' dir='ltr'>et</span> <span class='ocrx_word' id='word_1_467' title='bbox 981 3071 1005 3110; x_wconf 81' lang='lat' dir='ltr'>ah</span> 
     </span>
     <span class='ocr_line' id='line_1_46' title="bbox 116 3128 1005 3181; baseline 0.007 -14"><span class='ocrx_word' id='word_1_468' title='bbox 116 3129 185 3170; x_wconf 88' lang='lat' dir='ltr'>eodem</span> <span class='ocrx_word' id='word_1_469' title='bbox 200 3130 274 3181; x_wconf 84' lang='lat' dir='ltr'>spiritu</span> <span class='ocrx_word' id='word_1_470' title='bbox 288 3129 391 3170; x_wconf 83' lang='lat' dir='ltr'>conditum</span> <span class='ocrx_word' id='word_1_471' title='bbox 405 3128 474 3168; x_wconf 80' lang='lat' dir='ltr'>foedus</span> <span class='ocrx_word' id='word_1_472' title='bbox 485 3130 601 3177; x_wconf 78' lang='lat' dir='ltr'>secundom,</span> <span class='ocrx_word' id='word_1_473' title='bbox 619 3142 680 3179; x_wconf 78' lang='lat' dir='ltr'>aquo</span> <span class='ocrx_word' id='word_1_474' title='bbox 691 3129 779 3180; x_wconf 85' lang='lat' dir='ltr'>primum</span> <span class='ocrx_word' id='word_1_475' title='bbox 789 3128 855 3168; x_wconf 86' lang='lat' dir='ltr'>fuerat</span> <span class='ocrx_word' id='word_1_476' title='bbox 866 3129 1005 3173; x_wconf 74' lang='lat' dir='ltr'>institutunr‘.</span> 
     </span>
    </p>
   </div>
   <div class='ocr_carea' id='block_1_6' title="bbox 0 0 1080 3361">
    <p class='ocr_par' dir='ltr' id='par_1_6' title="bbox 0 0 1080 3361">
     <span class='ocr_line' id='line_1_47' title="bbox 0 0 1080 3361; baseline 0 0"><span class='ocrx_word' id='word_1_477' title='bbox 0 0 1080 3361; x_wconf 95' lang='lat' dir='ltr'> </span> 
     </span>
    </p>
   </div>
  </div>
 </body>
</html>
