2165 3388
115 69 159 114 432
415 66 460 102 Pars
473 66 488 102 I.
509 66 638 113 Antiquitates
651 79 713 104 sacrae

175 189 231 232 Ante
252 187 351 231 exsilium
368 188 514 245 Babylonium
534 190 600 234 nullis
619 190 642 235 in
656 189 766 249 religione
782 190 878 235 Mosaica
894 192 1014 236 dissensio-

89 292 91 294 -
114 255 178 305 nibus
194 261 286 318 populus
302 261 393 305 caritate
409 264 455 305 arte
471 262 598 307 coniunctus
614 263 752 308 dividebatur.
773 263 831 307 Nam
842 281 866 308 ea
878 266 954 318 aetate,
968 280 1015 323 qua.

113 335 229 392 prophetae
245 334 310 379 verba
327 349 376 378 cum
392 335 474 392 populo
491 337 669 381 communicanda
679 336 765 381 caelitus
776 337 915 395 accipiebant,
928 338 1012 395 discep-

114 407 206 459 tationes
227 407 252 451 de
273 406 398 464 praeceptis
414 408 493 453 divinis
509 409 560 454 oriri
579 425 624 454 non
640 413 748 467 poterant,
761 410 819 468 quod
835 426 919 467 semper
934 411 956 465 ii,
972 411 1010 469 qui

114 494 186 525 omnes
201 480 357 525 haesitationes
373 483 395 525 et
411 481 556 527 dubitationes
572 486 695 537 resecarent,
711 487 795 540 praesto
812 487 880 529 erant,
904 483 945 528 Sed
960 487 1014 541 post-

114 553 210 597 ersilium
226 554 280 597 alius
296 557 343 597 erat
359 568 437 598 rerum
448 556 523 609 status,
539 570 587 598 cum
603 554 714 599 contiones
728 556 1018 613 prophetarum,lllale'achi

113 630 205 680 mortuo,
222 616 333 671 cessarent.
365 626 489 671 Nemeum
504 644 549 673 non
566 628 657 685 amplius
673 632 742 673 essent
757 630 886 686 interpretes
905 630 959 688 legis
976 630 1017 673 di-.·

113 701 193 745 vinitas
208 701 316 754 instructi,
333 717 427 759 quorum
443 703 513 746 verbis
523 703 733 760 populussummam
744 703 853 747 tribuebat
863 703 934 757 fidem,
946 704 1013 748 facile

113 774 183 818 variae
199 772 357 818 controversiae
374 775 400 818 de
416 775 480 819 sacris
496 775 573 820 l'tteris
589 776 640 819 oriri
655 775 754 833 poterant
775 780 838 834 atque
855 792 881 821 ex
898 776 925 821 ea¹
939 779 1014 821 aetate¹

113 847 173 906 origo
194 850 301 893 sectarum
318 848 459 892 Judaioarum
475 848 589 906 repetenda
604 851 641 894 est.
673 849 749 893 Judaei
769 849 833 902 enim,
849 849 887 908 qui
903 850 1012 893 maximas

114 922 197 966 crebrae
214 922 341 966 defectionis
362 937 375 965 a
395 922 465 978 patria
481 921 584 980 religione
603 921 629 965 ad
646 921 695 966 deos
711 922 872 968 commenticios
888 938 969 981 poenas
985 924 1011 967 in

113 996 236 1053 captivitate
252 995 376 1051 Babylonia
392 995 500 1047 dederant,
516 995 539 1038 in
552 993 643 1051 patriam
654 995 732 1039 reversi
742 996 857 1040 studiosius
868 1012 934 1055 quam
945 999 1017 1040 antea.>

113 1068 214 1127 religioni
229 1072 251 1113 et
267 1068 337 1112 cultui
347 1067 431 1112 Jahvac
447 1067 513 1112 dediti
528 1070 595 1121 erant,
610 1069 635 1111 ut
650 1068 806 1127 populusque
824 1070 897 1118 minus
914 1070 1016 1114 auctori-1

113 1145 156 1186 tate
176 1145 197 1186 et
218 1141 331 1200 splendore
352 1141 444 1194 floreret,
461 1156 485 1185 eo
506 1141 576 1198 magis
595 1141 673 1198 pietate
692 1140 814 1199 praestaret.
846 1142 956 1199 Imprimis
972 1144 1008 1199 sy'-

112 1216 203 1274 nagogis
213 1215 309 1259 studium
319 1214 374 1272 legis
384 1215 555 1271 promovebatur.
578 1214 631 1258 Cum
647 1219 717 1259 autem
733 1229 805 1259 earum
817 1215 921 1272 praelecti
932 1218 1011 1259 aucta<

112 1289 175 1333 ritate
196 1288 269 1332 divina
285 1290 390 1340 carerent,
406 1288 464 1331 hanc
484 1290 540 1332 certe
562 1291 641 1346 magna
657 1288 755 1332 doctrina
770 1293 792 1332 et
808 1288 896 1345 optimis
912 1288 1009 1332 moribus

112 1377 249 1420 compensare
269 1360 392 1413 studebant,
413 1360 477 1404 initio
498 1360 633 1418 laudabiliter
649 1361 739 1418 quidem,
761 1361 820 1405 brevi
841 1364 916 1405 tamen
937 1361 1008 1405 nimio

112 1435 195 1480 fervore
210 1435 278 1480 iustos
293 1434 349 1478 fines
366 1434 446 1492 egressi
461 1426 531 1492 legem
547 1434 724 1490 explicationibus
740 1437 761 1477 et
777 1434 880 1478 doctrinis
891 1434 1011 1479 subtilibus.

113 1510 323 1566 circumsacpiebant,
345 1522 388 1566 quo
410 1507 495 1551 facilius
515 1507 597 1552 cultum
617 1509 680 1565 atque
701 1507 860 1552 humanitatem
877 1506 1010 1552 Graecorum

112 1598 136 1626 eo
151 1590 247 1640 ternpore
262 1581 409 1626 Palaestinam
424 1580 560 1624 invadentem
576 1583 677 1627 arcerent.
708 1580 739 1623 thr
759 1581 802 1624 illis
821 1581 945 1626 litterarum
960 1583 1009 1625 stu·

113 1656 158 1709 diis,
174 1670 228 1714 quae
243 1655 300 1698 iusto
317 1654 386 1712 pluris
403 1653 577 1707 aestimabantur,
594 1657 657 1711 atque
673 1654 710 1697 illa
725 1654 770 1698 vita
780 1654 844 1698 nimis
855 1654 910 1697 dura
921 1669 969 1698 cum
979 1654 1010 1697 iis.

112 1732 156 1773 arte
177 1716 295 1785 coniuncta
317 1743 364 1771 non
387 1727 457 1770 solum
479 1730 536 1770 secta
555 1727 782 1781 Pharisaeorum,
802 1727 839 1770 sed
859 1727 933 1772 'etiam‘
949 1730 1009 1771 secta.

112 1803 219 1848 contraria
234 1802 332 1860 profecta
348 1804 382 1846 est
397 1817 463 1859 eaque
479 1802 552 1845 eodem
568 1804 668 1860 tempore.
699 1801 755 1845 Nam
776 1817 823 1846 cum
846 1801 912 1845 multi
928 1800 1012 1845 Judaei·

111 1893 136 1921 ex
153 1877 280 1921 commercio
301 1892 351 1920 cum
373 1876 420 1920 aliis
440 1877 547 1934 gentibus,
564 1891 617 1933 quae
637 1875 730 1932 scientia,
747 1878 873 1928 mercatura,
889 1875 954 1919 variis
970 1890 1008 1918 ar·

111 1950 168 1994 tibus
184 1951 323 2004 excellebant,
339 1951 455 2007 ingenium
471 1954 492 1994 et
507 1965 584 1993 mores
593 1965 665 1993 earum
675 1949 816 2003 imitarentur,
827 1949 938 1993 Pharisaei
948 1950 1011 1992 hanc*

110 2023 274 2067 inclinationem
289 2024 431 2068 voluntatum
446 2023 530 2081 legibus
546 2024 621 2068 severis
637 2023 735 2081 frangere
750 2022 871 2080 studebant.
903 2022 944 2067 His
961 2022 1006 2075 alii,

110 2095 215 2140 libertatis
235 2100 257 2140 et
272 2095 405 2141 Graecorum
425 2096 567 2140 humanitatis
588 2098 683 2140 amantes
703 2112 727 2139 ac
742 2096 821 2140 nimiae
837 2111 913 2140 eorum
930 2094 1006 2139 ortho-

110 2169 184 2213 doxiae
199 2170 296 2225 pertaesi,
313 2185 336 2213 se
352 2168 504 2226 opposuerunt,
521 2169 671 2214 Sadducaei
691 2171 712 2212 et
727 2169 834 2222 Esseni,
851 2183 944 2226 quorum
959 2168 1005 2225 pri·

110 2257 155 2287 ores
178 2243 277 2287 licentiae
300 2244 438 2300 voluptatum
461 2243 558 2286 sensibus
579 2245 731 2299 perceptarum,
753 2242 881 2299 posteriores
907 2241 1007 2284 libertati,

110 2317 176 2360 animi
192 2331 216 2360 ac
232 2317 289 2361 vitae
305 2317 330 2359 in
347 2315 530 2373 contemplatione
545 2316 628 2372 positae
644 2331 730 2372 operam
746 2315 831 2361 dabant.

170 2390 345 2434 vetustissimam
361 2388 429 2431 cleiis
445 2389 506 2432 sectis
521 2389 653 2432 mentionem
669 2389 725 2446 apud
739 2388 858 2445 Josephum
875 2387 1005 2440 invenimus,

109 2463 146 2520 qui
162 2462 199 2506 Α]
217 2468 252 2516 13,
269 2468 288 2510 b.
306 2467 320 2511 9
343 2461 421 2505 diserte
442 2461 494 2505 dicit
512 2464 616 2517 regnante
632 2461 743 2506 Jonatlian
758 2461 855 2519 principe
871 2461 1004 2521 (lbi—143

109 2552 126 2582 a.
144 2536 188 2598 Oh.)
208 2539 252 2580 tres
267 2536 317 2579 illas
333 2537 402 2601 sectas
423 2535 488 2578 fuisse
505 2535 566 2595 (nard
583 2540 605 2581 δὲ
620 2542 653 2582 τὸν
669 2542 742 2597 χρόνον
759 2545 829 2583 τοῦτον
846 2544 899 2594 τρεῖς
916 2534 1005 2594 αἱρέσεις

108 2622 145 2656 τῶν
162 2611 266 2657 Ἰουδαίων
282 2609 345 2671 ἦσαν)
362 2610 384 2651 et
400 2608 428 2654 ib.
446 2612 480 2660 18,
499 2612 517 2655 l.
533 2612 598 2665 Zeas
615 2608 651 2651 diu
672 2609 704 2669 (a.
724 2618 759 2655 τοῦ
780 2614 831 2655 πάνυ
850 2606 949 2669 ἀρχαίου)
966 2621 1002 2649 00·
1039 2654 1041 2656 ,

109 2683 180 2740 gnitas
194 2682 260 2726 fuisse
276 2680 451 2733 contenditur
467 2680 549 2725 duobus
565 2681 672 2725 canonicis
687 2681 748 2724 libris
764 2681 942 2724 Maccahaeorum
957 2694 1003 2723 non

108 2759 264 2809 memorantur,
287 2755 324 2799 sed
347 2769 374 2798 ex
396 2754 450 2797 locis
473 2754 543 2798 allatis
565 2756 651 2811 apparet
673 2770 706 2798 eas
721 2754 759 2797 illa
775 2755 844 2797 aetate
860 2754 916 2797 certe
932 2753 1003 2797 fuisse.

109 2828 205 2873 Ceterum
221 2829 257 2873 vix
273 2828 398 2881 errabimus,
415 2827 433 2870 si
452 2826 591 2870 iudicabimus
608 2826 735 2871 (thasidaeos
752 2828 880 2887 (Ἂσιδαίους
891 2847 920 2863 =
933 2830 1003 2875 Dl't'ffll

108 2902 122 2945 i.
133 2917 149 2945 e.
156 2904 206 2960 pios
222 2903 313 2946 cultores
330 2901 379 2961 dei),
396 2914 488 2958 quorum
503 2900 514 2943 I
530 2899 575 2943 Mcc
589 2905 609 2953 2,
620 2904 659 2952 42;
672 2905 691 2953 7,
704 2905 736 2948 13.
753 2899 878 2952 illicere,
890 2903 904 2947 6
920 2899 1002 2963 mentio

108 2976 139 3028 lit,
155 2975 239 3020 eosdem
254 2975 326 3029 fuisse,
343 2974 422 3033 quibus
437 2975 512 3030 postea
520 2987 601 3027 ,nomen
612 2968 775 3017 Pharisaeorum
787 2973 880 3016 inditum
890 2975 928 3016 est.
945 2972 1003 3016 Nam

109 3049 219 3093 Chasidaei
234 3049 251 3092 ii
261 3049 434 3106 appellabantur,
446 3046 483 3103 qui
494 3047 561 3091 aetate
572 3046 744 3091 Maccahaeorum
755 3048 830 3094 contra
841 3046 927 3089 cultum
938 3047 1008 3101 atque,

107 3122 263 3167 humanitatem
280 3121 412 3166 Graecorum
428 3119 500 3164 obnisi
511 3118 635 3176 diligentem
645 3119 699 3178 legis
709 3119 814 3163 lllosaicae
828 3119 1008 3164 observationem
