2218 3388
122 117 151 161 73
420 112 465 149 Pars
477 112 491 150 l.
511 113 645 160 Antiquitetcs
657 125 719 152 sacrae

121 239 254 290 philosophus
269 240 423 291 neoplatonicus
434 242 455 279 et
465 239 573 292 episcopus
584 241 710 282 Ptolernaidis
729 240 750 298 [i
762 237 820 298 412),
837 242 859 282 de
874 243 939 282 sacris
955 243 1016 294 cistis,

121 301 156 340 uhi
175 301 234 352 globi
252 300 332 350 fuerint,
352 302 476 342 mentionem
495 301 545 342 facit
567 299 644 359 (Galvit¹
663 316 741 374 encom.
760 311 792 346 lc.
813 303 870 343 use
889 311 924 354 66,
946 302 1016 361 1184).

181 399 308 438 Troianos
322 411 392 438 arcam
403 399 501 451 quandam
513 412 591 440 sacram
603 400 693 441 habuisse
704 401 819 441 Pausanias
833 397 908 456 (Graec.
921 400 1015 453 descript.

121 466 140 509 7,
154 466 186 509 lb,
201 456 223 515 3)
239 452 340 499 cernatur(
358 460 468 511 Postquam
483 460 538 500 enim
556 474 613 501 arcae
629 461 740 512 cuiusdam,
758 475 809 514 quae
825 462 861 502 Ilio
877 463 939 513 capto
950 462 1014 514 Eury·
1075 474 1077 477 ⁴

121 521 168 572 pylo
184 520 271 571 praedae
290 520 330 560 loco
347 521 429 574 obtigit,
448 521 573 562 mentionem
589 523 670 571 fecisset,
686 523 756 563 addit:
776 519 872 566 Διονίκου
889 523 913 564 δὲ
931 519 1015 581 ἄγαλμα

120 579 144 639 ἧν
160 588 186 637 τῇ
204 582 297 637 λάρνακι,
313 580 374 638 ἔργον
392 584 427 639 μὲν
444 579 479 639 (ὡς
494 579 565 639 φασίν)
580 580 696 640 Ἡφαίονοο,
714 584 781 639 δῶρον
797 583 819 625 δὲ
834 579 933 631 hochioc
949 581 1014 643 ἐδόθη

120 640 227 698 Δαρδάνῳ.
255 642 402 683 Phoenices
419 644 440 683 in
457 644 574 684 Gabinorum
591 644 714 684 caerimoniis
734 641 818 700 (qrdbus
833 645 898 694 disson,
918 644 1014 696 Orpheus,

118 703 224 752 Hercules,
241 703 276 742 alii
286 703 380 755 gentium
391 705 460 744 heroes
471 704 549 745 initiati
560 701 615 761 sunt)
633 704 700 744 cistam
715 718 795 745 sacram
808 705 900 745 habuisse
916 706 1014 746 masacha

120 761 199 820 (Praep.
211 776 281 816 evang.
294 770 311 814 2,
324 771 342 807 3.
360 765 422 806 MSG
439 772 471 815 21,
490 771 530 808 128
545 762 569 822 s.)
585 765 653 808 tradit,
682 766 752 805 Etiam
768 765 877 816 Etrusci,
894 779 946 818 gens
962 769 1013 807 anti-

118 824 223 876 quissima,
245 838 308 865 arcam
325 826 429 877 quandam
445 819 518 866 sacram
536 827 637 866 habebant
652 827 672 866 et
686 827 708 866 in
726 826 800 866 Bacchi
816 827 927 867 sollemniis
944 828 1014 885 κίστην

120 887 245 943 θρησκείνειν
266 888 333 926 cistam
356 888 418 927 colere
439 887 538 927 debebant
563 884 630 944 (Cheru
646 887 701 928 urea.
723 888 802 927 Cohort.
822 888 846 927 ud
863 890 938 940 gentes
959 901 974 928 c.
995 896 1014 931 2.

119 947 178 987 use
197 953 217 996 s,
237 944 280 1003 cr).

179 1045 292 1085 Graecos
311 1059 394 1096 quoque
415 1046 467 1086 inter
486 1045 625 1085 instrumenta
645 1046 712 1086 cultus
730 1046 795 1086 divini
816 1045 858 1087 eins
877 1047 936 1086 modi
953 1047 1012 1088 cistas

119 1106 216 1146 babuisse
237 1119 260 1145 er
279 1107 377 1146 Theocriti
396 1107 461 1147 verbis
481 1106 542 1158 Idyll.
562 1113 594 1156 26,
613 1112 623 1148 7
641 1107 791 1159 intellegimus:
813 1104 928 1164 ‘leph'h'eu
944 1110 1027 1158 κίονας,

119 1170 251 1223 πεκοναμένα
266 1169 333 1224 χερσίν
349 1164 437 1210 eleison
469 1167 523 1207 Idem
544 1169 633 1208 testatur
652 1167 727 1207 decadas
749 1164 801 1224 (Lex.
817 1168 842 1218 II,
860 1175 877 1219 1,
895 1175 947 1212 269,
964 1181 978 1210 s.
994 1184 1013 1211 v,

119 1224 264 1284 κιονοφόρος);
278 1223 348 1270 'Euius
365 1227 441 1277 δὲτὰς
456 1230 524 1275 uincor
541 1226 598 1284 ἱερὰς
614 1225 660 1272 εἶναι
675 1227 777 1271 Διονίνσοο
792 1229 826 1270 καί
841 1235 882 1272 ταῖν
894 1227 956 1272 Θεαῖν
973 1230 985 1271 i.
997 1244 1012 1274 c,

119 1289 185 1329 Cereri
203 1290 224 1327 ct
239 1290 375 1341 Proserpinae.
403 1290 470 1329 Sauras
486 1289 548 1329 cistas
564 1290 587 1329 in
603 1289 658 1329 cultu
673 1289 780 1330 Demetros
797 1285 886 1346 (dereris)
904 1294 1012 1342 usurpatas

116 1362 161 1389 esse
177 1351 293 1389 Paccscuics
308 1349 387 1404 (Graec.
404 1350 495 1401 descript.
513 1357 549 1400 10,
566 1356 599 1399 28,
612 1347 632 1404 3)
648 1351 716 1400 tradit,
734 1350 772 1390 ubi
788 1351 893 1403 Polygnoti
910 1352 1012 1402 picturam

118 1411 237 1461 inferorum,
259 1425 309 1462 quae
325 1412 411 1463 Delphis
430 1410 597 1463 conspiciebatury
618 1411 734 1452 describens
754 1411 779 1450 de
795 1412 888 1452 Olecboea
908 1413 931 1451 in
949 1412 1012 1453 lintre

119 1472 216 1511 Charonis
236 1472 343 1524 navigante
366 1472 425 1512 dicit:
446 1471 487 1528 ἔχει
508 1468 529 1512 ἐν
552 1478 594 1520 τοῖς
615 1475 681 1525 γόνασι
701 1473 796 1526 κιβωτὸν,
817 1469 886 1520 ὁποίας
907 1475 1013 1517 πονεῖσθαι

118 1535 222 1589 νομίζουσι
243 1530 338 1590 Δήμητρί,
372 1534 490 1573 Plutarchus
511 1529 610 1589 (Phocion
630 1534 640 1581 ἓ
660 1530 696 1589 28)
718 1534 817 1573 memoret
836 1534 932 1585 mysticas
952 1534 1012 1576 cistas

115 1593 227 1651 (μυστικὰς
242 1591 325 1649 κοίτας),
342 1594 419 1644 quibus
435 1594 571 1634 Athenienses
587 1594 609 1632 in
625 1594 683 1633 sacris
698 1594 811 1633 Eleusiniis
826 1596 944 1635 utebantur.

176 1691 246 1731 Etiam
261 1691 391 1731 Romanos
408 1691 501 1731 cistarum
512 1704 575 1731 usum
586 1690 608 1730 in
619 1691 712 1742 mysteria
724 1690 823 1742 recepisse
834 1704 856 1731 cx
866 1691 936 1732 verbis
948 1692 1011 1733 Ouidii

116 1753 145 1791 Dc
161 1753 199 1793 art.
217 1765 278 1792 amor.
294 1758 312 1802 2,
330 1758 449 1795 eos—cla
467 1751 590 1791 conicimus:

289 1837 389 1887 „Condita
405 1838 421 1877 si
436 1849 476 1877 non
491 1839 543 1877 sunt
559 1837 641 1877 Veneris
656 1837 756 1888 mysteria
772 1837 838 1885 cistis;

288 1899 329 1937 Nec
345 1910 395 1938 cava
411 1901 488 1939 vesanis
504 1899 582 1939 ictibus
599 1910 644 1937 aera
659 1899 745 1937 sonant:

289 1960 386 1999 Attamen
402 1959 507 1999 internos
523 1959 592 1998 medio
608 1960 714 2000 versantur
731 1959 754 1997 in
770 1971 819 2000 usn:

237 2072 238 2075 Ἴ
289 2020 326 2059 Sed
342 2020 379 2067 sic,
396 2020 499 2061 internos
515 2022 542 2060 ut
558 2019 641 2059 latuisse
656 2020 741 2059 verinus

176 2105 225 2144 Non
236 2105 301 2144 minus
311 2118 335 2144 er
345 2105 469 2145 testimoniis
485 2105 611 2156 scriptorum
626 2105 704 2156 constat
723 2116 779 2144 arcas
794 2104 816 2143 in
831 2105 917 2145 aliarum
929 2118 1009 2157 quoque

115 2166 211 2218 gentium
228 2166 358 2217 antiquarum
376 2166 498 2207 caerimoniis
516 2166 581 2205 sacris
598 2165 651 2204 baud
667 2165 778 2205 obscurum
793 2166 881 2206 tenuisse
898 2167 973 2205 locum.

177 2283 233 2327 (ium
249 2284 313 2342 igitur
328 2286 431 2330 illemos
446 2286 533 2329 deorum
550 2285 663 2328 simulacra
678 2299 781 2328 eorumve
801 2284 897 2340 symbola
914 2285 939 2339 in
955 2287 1011 2336 arcisv

115 2357 239 2400 collocandi
254 2360 275 2401 et
290 2358 451 2403 circumferendi
461 2359 525 2415 longe
537 2358 622 2414 lateque
632 2371 667 2413 per
677 2359 755 2415 gentes
766 2357 923 2413 percrebuisset,
935 2358 1009 2412 dabre,

116 2430 220 2488 quoniam
236 2431 255 2474 ei
271 2445 316 2475 curn
332 2433 415 2488 populo
432 2432 564 2475 contumacis
584 2430 665 2487 ingenii
684 2446 718 2474 res
740 2432 791 2481 erat
811 2430 842 2474 illi
858 2446 946 2488 quoque
965 2430 1009 2475 eius

115 2504 172 2548 modi
189 2519 262 2548 arcem
277 2504 466 2548 circumferendum
481 2504 594 2547 tradidisse
611 2503 690 2550 dicitur,

175 2577 219 2621 Sed
234 2578 390 2635 respiciendum
407 2581 438 2621 est
454 2592 522 2620 arcam
539 2591 621 2620 sacram
631 2575 776 2637 Hebraeorum
792 2577 813 2618 et
828 2577 889 2620 cistas
906 2577 1008 2633 mysticas

116 2651 231 2710 gentilium
247 2655 291 2695 tam
305 2667 373 2708 parva
390 2650 528 2694 similitudine
546 2650 603 2693 inter
618 2663 639 2691 se
655 2663 705 2703 esse,
724 2651 750 2692 ut
765 2663 814 2692 vero
831 2650 954 2706 proximum
965 2664 1008 2693 esse

116 2710 214 2767 videatur
229 2739 296 2782 neque
312 2738 385 2769 arcam
395 2723 541 2767 Hebraeorum
558 2738 570 2764 a
585 2721 642 2775 cistis
657 2721 774 2778 gentilium
790 2735 856 2778 necpue
871 2721 912 2765 has
929 2721 956 2764 ab
972 2722 1009 2766 illa

115 2798 208 2840 iormam
229 2800 250 2840 et
271 2797 378 2854 originem
397 2795 488 2852 pedisse,
509 2794 548 2837 sed
568 2796 667 2851 utrosque
688 2798 717 2838 ob
740 2793 832 2837 rationes
851 2794 971 2851 peculiares
987 2799 1008 2839 et

114 2886 162 2914 cam
182 2871 230 2927 ipsu
250 2884 358 2913 sacrorum
380 2871 455 2912 natura
475 2867 603 2910 coniunctas
623 2882 656 2909 eas
675 2882 708 2910 res
730 2867 834 2910 habuisse.
864 2868 896 2911 Ac
913 2868 1008 2924 primum

116 2944 202 3002 quidem
223 2942 386 2995 consideremus,
408 2956 460 2999 [pirae
479 2955 511 2983 res
533 2940 558 2982 in
579 2939 749 3002 cistisethnicis
769 2940 828 2983 etin
848 2957 895 2985 arca
917 2941 1008 2986 foederis

116 3017 202 3060 luerint.
229 3016 299 3072 Vulgo
315 3017 396 3072 probant
411 3015 435 3057 in
450 3013 490 3056 illis
506 3012 571 3071 signa
586 3013 739 3069 procreationis
750 3013 842 3062 latuisse.
867 3015 938 3072 Atqui
948 3015 1008 3058 nullo

115 3094 162 3133 loco
182 3088 262 3132 veteris
281 3088 405 3139 testamenti
427 3101 474 3130 arca
495 3086 589 3129 foederis
610 3101 657 3129 crim
676 3086 826 3143 procreatione
846 3088 879 3131 vel
900 3087 947 3130 ullo
969 3087 1007 3132 deo

113 3162 269 3219 procreationis
284 3162 316 3206 rel
332 3162 403 3218 signis
419 3161 462 3202 eius
477 3159 571 3216 propriis
587 3159 677 3216 quodam
692 3159 782 3204 vinculo
799 3161 925 3207 conectitur.
951 3160 1007 3219 llrgc
