<?xml version="1.0" encoding="UTF-8"?>
<!DOCTYPE html PUBLIC "-//W3C//DTD XHTML 1.0 Transitional//EN"
    "http://www.w3.org/TR/xhtml1/DTD/xhtml1-transitional.dtd">
<html xmlns="http://www.w3.org/1999/xhtml" xml:lang="en" lang="en">
 <head>
  <title>
</title>
<meta http-equiv="Content-Type" content="text/html;charset=utf-8" />
  <meta name='ocr-system' content='tesseract 3.04.00' />
  <meta name='ocr-capabilities' content='ocr_page ocr_carea ocr_par ocr_line ocrx_word'/>
</head>
<body>
  <div class='ocr_page' id='page_1' title='image "./MN42078ucmf_3_0081.png"; bbox 0 0 2107 3321; ppageno 0'>
   <div class='ocr_carea' id='block_1_1' title="bbox 340 44 967 100">
    <p class='ocr_par' dir='ltr' id='par_1_1' title="bbox 340 44 967 100">
     <span class='ocr_line' id='line_1_1' title="bbox 340 44 967 100; baseline -0.011 -6"><span class='ocrx_word' id='word_1_1' title='bbox 340 55 394 96; x_wconf 67' lang='lat' dir='ltr'>&#39;Loca</span> <span class='ocrx_word' id='word_1_2' title='bbox 407 69 460 94; x_wconf 84' lang='lat' dir='ltr'>sacra</span> <span class='ocrx_word' id='word_1_3' title='bbox 472 57 536 93; x_wconf 84' lang='lat' dir='ltr'>aetate</span> <span class='ocrx_word' id='word_1_4' title='bbox 549 57 593 93; x_wconf 85' lang='lat' dir='ltr'>ante</span> <span class='ocrx_word' id='word_1_5' title='bbox 606 54 673 92; x_wconf 80' lang='lat' dir='ltr'>Mosen</span> <span class='ocrx_word' id='word_1_6' title='bbox 926 44 967 100; x_wconf 58' lang='lat'>47⁴</span> 
     </span>
    </p>
   </div>
   <div class='ocr_carea' id='block_1_2' title="bbox 64 179 956 426">
    <p class='ocr_par' dir='ltr' id='par_1_2' title="bbox 64 179 956 426">
     <span class='ocr_line' id='line_1_2' title="bbox 64 179 956 239; baseline -0.02 -4"><span class='ocrx_word' id='word_1_7' title='bbox 64 198 85 239; x_wconf 78' lang='grc'>,1.</span> <span class='ocrx_word' id='word_1_8' title='bbox 101 191 189 238; x_wconf 84' lang='lat' dir='ltr'>Nikel,</span> <span class='ocrx_word' id='word_1_9' title='bbox 212 189 251 229; x_wconf 84' lang='lat' dir='ltr'>Dos</span> <span class='ocrx_word' id='word_1_10' title='bbox 269 187 308 227; x_wconf 90' lang='lat' dir='ltr'>alte</span> <span class='ocrx_word' id='word_1_11' title='bbox 324 186 440 225; x_wconf 83' lang='lat' dir='ltr'>Testament</span> <span class='ocrx_word' id='word_1_12' title='bbox 459 183 502 224; x_wconf 87' lang='lat' dir='ltr'>und</span> <span class='ocrx_word' id='word_1_13' title='bbox 518 183 551 223; x_wconf 90' lang='lat' dir='ltr'>die</span> <span class='ocrx_word' id='word_1_14' title='bbox 566 182 720 235; x_wconf 84' lang='lat' dir='ltr'>vergleichende</span> <span class='ocrx_word' id='word_1_15' title='bbox 736 179 956 234; x_wconf 87' lang='lat' dir='ltr'>Religionsgeschichte</span> 
     </span>
     <span class='ocr_line' id='line_1_3' title="bbox 65 240 956 315; baseline -0.02 -18"><span class='ocrx_word' id='word_1_16' title='bbox 65 253 206 315; x_wconf 76' lang='lat' dir='ltr'>(Franhfurter</span> <span class='ocrx_word' id='word_1_17' title='bbox 221 247 342 301; x_wconf 77' lang='lat' dir='ltr'>aeitgemasse</span> <span class='ocrx_word' id='word_1_18' title='bbox 352 246 480 293; x_wconf 79' lang='lat' dir='ltr'>Brosohi&#39;rren</span> <span class='ocrx_word' id='word_1_19' title='bbox 495 243 553 292; x_wconf 79' lang='lat' dir='ltr'>XXX,</span> <span class='ocrx_word' id='word_1_20' title='bbox 568 241 609 300; x_wconf 83' lang='lat'>12).</span> <span class='ocrx_word' id='word_1_21' title='bbox 631 244 787 290; x_wconf 76' lang='lat' dir='ltr'>Hamm19113</span> <span class='ocrx_word' id='word_1_22' title='bbox 803 241 825 285; x_wconf 84' lang='lat' dir='ltr'>F.</span> <span class='ocrx_word' id='word_1_23' title='bbox 836 240 956 287; x_wconf 82' lang='lat' dir='ltr'>Sawiclri,</span> 
     </span>
     <span class='ocr_line' id='line_1_4' title="bbox 66 302 956 361; baseline -0.021 -2"><span class='ocrx_word' id='word_1_24' title='bbox 66 319 102 360; x_wconf 88' lang='lat' dir='ltr'>Die</span> <span class='ocrx_word' id='word_1_25' title='bbox 112 312 215 356; x_wconf 80' lang='lat' dir='ltr'>Wehrlseit</span> <span class='ocrx_word' id='word_1_26' title='bbox 226 311 260 350; x_wconf 85' lang='lat' dir='ltr'>des</span> <span class='ocrx_word' id='word_1_27' title='bbox 272 306 437 361; x_wconf 79' lang='lat' dir='ltr'>Christentums2</span> <span class='ocrx_word' id='word_1_28' title='bbox 454 311 578 349; x_wconf 73' lang='lat' dir='ltr'>ael—298.</span> <span class='ocrx_word' id='word_1_29' title='bbox 605 305 722 345; x_wconf 85' lang='lat' dir='ltr'>Puderborn</span> <span class='ocrx_word' id='word_1_30' title='bbox 734 308 803 351; x_wconf 71' lang='lat'>1913,</span> <span class='ocrx_word' id='word_1_31' title='bbox 820 302 845 344; x_wconf 87' lang='lat' dir='ltr'>N.</span> <span class='ocrx_word' id='word_1_32' title='bbox 857 302 956 347; x_wconf 81' lang='lat' dir='ltr'>Peters,</span> 
     </span>
     <span class='ocr_line' id='line_1_5' title="bbox 66 362 956 426; baseline -0.02 -7"><span class='ocrx_word' id='word_1_33' title='bbox 66 380 102 421; x_wconf 86' lang='lat' dir='ltr'>Die</span> <span class='ocrx_word' id='word_1_34' title='bbox 117 374 209 426; x_wconf 82' lang='lat' dir='ltr'>Religion</span> <span class='ocrx_word' id='word_1_35' title='bbox 225 372 258 411; x_wconf 86' lang='lat' dir='ltr'>des</span> <span class='ocrx_word' id='word_1_36' title='bbox 275 370 329 410; x_wconf 88' lang='lat' dir='ltr'>alten</span> <span class='ocrx_word' id='word_1_37' title='bbox 345 368 470 408; x_wconf 78' lang='lat' dir='ltr'>Testaments</span> <span class='ocrx_word' id='word_1_38' title='bbox 485 366 508 406; x_wconf 87' lang='lat' dir='ltr'>in</span> <span class='ocrx_word' id='word_1_39' title='bbox 523 366 578 406; x_wconf 81' lang='lat' dir='ltr'><strong>ihrer</strong></span> <span class='ocrx_word' id='word_1_40' title='bbox 590 365 759 418; x_wconf 83' lang='lat' dir='ltr'>Einnigartigkeit</span> <span class='ocrx_word' id='word_1_41' title='bbox 774 367 836 404; x_wconf 76' lang='lat' dir='ltr'>untes·</span> <span class='ocrx_word' id='word_1_42' title='bbox 852 363 892 402; x_wconf 88' lang='lat' dir='ltr'>den</span> <span class='ocrx_word' id='word_1_43' title='bbox 901 362 956 402; x_wconf 82' lang='lat' dir='ltr'>Reli-</span> 
     </span>
    </p>
   </div>
   <div class='ocr_carea' id='block_1_3' title="bbox 64 429 581 494">
    <p class='ocr_par' dir='ltr' id='par_1_3' title="bbox 64 429 581 494">
     <span class='ocr_line' id='line_1_6' title="bbox 64 429 581 494; baseline -0.025 -14"><span class='ocrx_word' id='word_1_44' title='bbox 64 441 140 494; x_wconf 82' lang='lat' dir='ltr'>gionen</span> <span class='ocrx_word' id='word_1_45' title='bbox 156 435 190 475; x_wconf 90' lang='lat' dir='ltr'>des</span> <span class='ocrx_word' id='word_1_46' title='bbox 207 433 263 473; x_wconf 84' lang='lat' dir='ltr'>alten</span> <span class='ocrx_word' id='word_1_47' title='bbox 279 430 367 470; x_wconf 82' lang='lat' dir='ltr'>Oriente.</span> <span class='ocrx_word' id='word_1_48' title='bbox 398 429 500 481; x_wconf 84' lang='lat' dir='ltr'>Kempten</span> <span class='ocrx_word' id='word_1_49' title='bbox 517 434 581 470; x_wconf 77' lang='lat'>1913.</span> 
     </span>
    </p>
   </div>
   <div class='ocr_carea' id='block_1_4' title="bbox 473 674 516 735">
    <p class='ocr_par' dir='ltr' id='par_1_4' title="bbox 473 674 516 735">
     <span class='ocr_line' id='line_1_7' title="bbox 473 674 516 735; baseline 0 0"><span class='ocrx_word' id='word_1_50' title='bbox 473 674 475 682; x_wconf 55' lang='lat'><em>¹</em></span> <span class='ocrx_word' id='word_1_51' title='bbox 504 682 516 735; x_wconf 93' lang='lat' dir='ltr'>l</span> 
     </span>
    </p>
   </div>
   <div class='ocr_carea' id='block_1_5' title="bbox 332 814 690 880">
    <p class='ocr_par' dir='ltr' id='par_1_5' title="bbox 332 814 690 880">
     <span class='ocr_line' id='line_1_8' title="bbox 332 814 690 880; baseline -0.011 0"><span class='ocrx_word' id='word_1_52' title='bbox 332 818 389 880; x_wconf 85' lang='lat' dir='ltr'>De</span> <span class='ocrx_word' id='word_1_53' title='bbox 419 816 525 880; x_wconf 88' lang='lat' dir='ltr'>locis</span> <span class='ocrx_word' id='word_1_54' title='bbox 553 814 690 878; x_wconf 82' lang='lat' dir='ltr'>sacris</span> 
     </span>
    </p>
   </div>
   <div class='ocr_carea' id='block_1_6' title="bbox 162 963 860 1019">
    <p class='ocr_par' dir='ltr' id='par_1_6' title="bbox 162 963 860 1019">
     <span class='ocr_line' id='line_1_9' title="bbox 162 963 860 1019; baseline -0.013 0"><span class='ocrx_word' id='word_1_55' title='bbox 162 973 202 1019; x_wconf 89' lang='lat' dir='ltr'>De</span> <span class='ocrx_word' id='word_1_56' title='bbox 221 969 293 1018; x_wconf 86' lang='lat' dir='ltr'>locis</span> <span class='ocrx_word' id='word_1_57' title='bbox 313 967 404 1015; x_wconf 85' lang='lat' dir='ltr'>cultui</span> <span class='ocrx_word' id='word_1_58' title='bbox 423 966 519 1013; x_wconf 87' lang='lat' dir='ltr'>divino</span> <span class='ocrx_word' id='word_1_59' title='bbox 539 968 605 1013; x_wconf 85' lang='lat' dir='ltr'>ante</span> <span class='ocrx_word' id='word_1_60' title='bbox 624 964 723 1012; x_wconf 80' lang='lat' dir='ltr'>Mosen</span> <span class='ocrx_word' id='word_1_61' title='bbox 742 963 860 1011; x_wconf 85' lang='lat' dir='ltr'>sacratis</span> 
     </span>
    </p>
   </div>
   <div class='ocr_carea' id='block_1_7' title="bbox 67 1102 958 1384">
    <p class='ocr_par' dir='ltr' id='par_1_7' title="bbox 67 1102 958 1384">
     <span class='ocr_line' id='line_1_10' title="bbox 127 1102 958 1167; baseline -0.013 -10"><span class='ocrx_word' id='word_1_62' title='bbox 127 1115 148 1161; x_wconf 92' lang='grc' dir='ltr'>Ι,</span> <span class='ocrx_word' id='word_1_63' title='bbox 179 1109 275 1167; x_wconf 76' lang='lat' dir='ltr'>Simplici</span> <span class='ocrx_word' id='word_1_64' title='bbox 295 1108 413 1165; x_wconf 89' lang='lat' dir='ltr'>primorum</span> <span class='ocrx_word' id='word_1_65' title='bbox 434 1105 622 1153; x_wconf 87' lang='lat' dir='ltr'>hominumvitae</span> <span class='ocrx_word' id='word_1_66' title='bbox 643 1103 709 1147; x_wconf 87' lang='lat' dir='ltr'>etiam</span> <span class='ocrx_word' id='word_1_67' title='bbox 730 1103 820 1161; x_wconf 79' lang='lat' dir='ltr'>simplex</span> <span class='ocrx_word' id='word_1_68' title='bbox 837 1104 907 1147; x_wconf 90' lang='lat' dir='ltr'>cultus</span> <span class='ocrx_word' id='word_1_69' title='bbox 924 1102 958 1146; x_wconf 92' lang='lat' dir='ltr'>di-</span> 
     </span>
     <span class='ocr_line' id='line_1_11' title="bbox 67 1177 958 1241; baseline -0.011 -11"><span class='ocrx_word' id='word_1_70' title='bbox 67 1188 130 1231; x_wconf 79' lang='lat' dir='ltr'>uinus</span> <span class='ocrx_word' id='word_1_71' title='bbox 150 1182 297 1241; x_wconf 89' lang='lat' dir='ltr'>respondebat.</span> <span class='ocrx_word' id='word_1_72' title='bbox 335 1178 530 1237; x_wconf 72' lang='lat' dir='ltr'>Quotienscumque</span> <span class='ocrx_word' id='word_1_73' title='bbox 552 1177 667 1236; x_wconf 85' lang='lat' dir='ltr'>religione</span> <span class='ocrx_word' id='word_1_74' title='bbox 682 1177 789 1220; x_wconf 86' lang='lat' dir='ltr'>introrsus</span> <span class='ocrx_word' id='word_1_75' title='bbox 809 1177 958 1229; x_wconf 85' lang='lat' dir='ltr'>movebantur,</span> 
     </span>
     <span class='ocr_line' id='line_1_12' title="bbox 68 1249 958 1317; baseline -0.013 -14"><span class='ocrx_word' id='word_1_76' title='bbox 68 1260 167 1317; x_wconf 84' lang='lat' dir='ltr'>pietatem</span> <span class='ocrx_word' id='word_1_77' title='bbox 188 1271 248 1300; x_wconf 84' lang='lat' dir='ltr'>suam</span> <span class='ocrx_word' id='word_1_78' title='bbox 269 1254 400 1298; x_wconf 83' lang='lat' dir='ltr'>extrinsecus</span> <span class='ocrx_word' id='word_1_79' title='bbox 421 1252 565 1303; x_wconf 89' lang='lat' dir='ltr'>ostentabant,</span> <span class='ocrx_word' id='word_1_80' title='bbox 584 1250 690 1308; x_wconf 83' lang='lat' dir='ltr'>erigentes</span> <span class='ocrx_word' id='word_1_81' title='bbox 706 1249 788 1302; x_wconf 86' lang='lat' dir='ltr'>altaria,</span> <span class='ocrx_word' id='word_1_82' title='bbox 811 1249 875 1293; x_wconf 90' lang='lat' dir='ltr'>deum</span> <span class='ocrx_word' id='word_1_83' title='bbox 895 1250 958 1293; x_wconf 78' lang='lat' dir='ltr'>invo-</span> 
     </span>
     <span class='ocr_line' id='line_1_13' title="bbox 67 1328 378 1384; baseline -0.023 -8"><span class='ocrx_word' id='word_1_84' title='bbox 67 1333 146 1384; x_wconf 87' lang='lat' dir='ltr'>cantes,</span> <span class='ocrx_word' id='word_1_85' title='bbox 163 1331 182 1374; x_wconf 91' lang='lat' dir='ltr'>ei</span> <span class='ocrx_word' id='word_1_86' title='bbox 197 1344 256 1373; x_wconf 90' lang='lat' dir='ltr'>sacra</span> <span class='ocrx_word' id='word_1_87' title='bbox 271 1328 378 1374; x_wconf 83' lang='lat' dir='ltr'>facientes.</span> 
     </span>
    </p>
   </div>
   <div class='ocr_carea' id='block_1_8' title="bbox 67 1420 1018 1994">
    <p class='ocr_par' dir='ltr' id='par_1_8' title="bbox 67 1420 1018 1994">
     <span class='ocr_line' id='line_1_14' title="bbox 129 1420 959 1471; baseline -0.011 0"><span class='ocrx_word' id='word_1_88' title='bbox 129 1427 214 1471; x_wconf 86' lang='lat' dir='ltr'>Aedes</span> <span class='ocrx_word' id='word_1_89' title='bbox 231 1425 299 1470; x_wconf 92' lang='lat' dir='ltr'>cultui</span> <span class='ocrx_word' id='word_1_90' title='bbox 314 1424 388 1468; x_wconf 86' lang='lat' dir='ltr'>divino</span> <span class='ocrx_word' id='word_1_91' title='bbox 405 1423 520 1466; x_wconf 65' lang='lat' dir='ltr'>destinatius</span> <span class='ocrx_word' id='word_1_92' title='bbox 540 1421 584 1464; x_wconf 89' lang='lat' dir='ltr'>iam</span> <span class='ocrx_word' id='word_1_93' title='bbox 605 1420 641 1463; x_wconf 88' lang='lat' dir='ltr'>diu</span> <span class='ocrx_word' id='word_1_94' title='bbox 663 1422 713 1464; x_wconf 86' lang='lat' dir='ltr'>aute</span> <span class='ocrx_word' id='word_1_95' title='bbox 729 1420 805 1464; x_wconf 84' lang='lat' dir='ltr'>Mosen</span> <span class='ocrx_word' id='word_1_96' title='bbox 824 1420 889 1464; x_wconf 86' lang='lat' dir='ltr'>fuisse</span> <span class='ocrx_word' id='word_1_97' title='bbox 906 1435 959 1464; x_wconf 89' lang='lat' dir='ltr'>con-</span> 
     </span>
     <span class='ocr_line' id='line_1_15' title="bbox 69 1493 1018 1556; baseline -0.007 -12"><span class='ocrx_word' id='word_1_98' title='bbox 69 1503 116 1544; x_wconf 86' lang='lat' dir='ltr'>stat</span> <span class='ocrx_word' id='word_1_99' title='bbox 147 1500 211 1544; x_wconf 88' lang='lat' dir='ltr'>Velut</span> <span class='ocrx_word' id='word_1_100' title='bbox 227 1499 283 1556; x_wconf 86' lang='lat' dir='ltr'>apud</span> <span class='ocrx_word' id='word_1_101' title='bbox 294 1496 417 1556; x_wconf 84' lang='lat' dir='ltr'>Aegyptios,</span> <span class='ocrx_word' id='word_1_102' title='bbox 434 1495 471 1553; x_wconf 89' lang='lat' dir='ltr'>qui</span> <span class='ocrx_word' id='word_1_103' title='bbox 485 1495 530 1538; x_wconf 88' lang='lat' dir='ltr'>iam</span> <span class='ocrx_word' id='word_1_104' title='bbox 540 1495 567 1538; x_wconf 90' lang='lat' dir='ltr'>ab</span> <span class='ocrx_word' id='word_1_105' title='bbox 583 1493 738 1551; x_wconf 89' lang='lat' dir='ltr'>antiquissimis</span> <span class='ocrx_word' id='word_1_106' title='bbox 753 1493 887 1550; x_wconf 69' lang='lat' dir='ltr'>temporibus</span> <span class='ocrx_word' id='word_1_107' title='bbox 903 1494 958 1551; x_wconf 91' lang='lat' dir='ltr'>quin</span> <span class='ocrx_word' id='word_1_108' title='bbox 1016 1504 1018 1511; x_wconf 82' lang='grc'><em>’</em></span> 
     </span>
     <span class='ocr_line' id='line_1_16' title="bbox 67 1566 959 1630; baseline -0.007 -13"><span class='ocrx_word' id='word_1_109' title='bbox 67 1574 147 1630; x_wconf 90' lang='lat' dir='ltr'>templa</span> <span class='ocrx_word' id='word_1_110' title='bbox 162 1572 283 1624; x_wconf 88' lang='lat' dir='ltr'>habuerint,</span> <span class='ocrx_word' id='word_1_111' title='bbox 306 1571 395 1615; x_wconf 88' lang='lat' dir='ltr'>dubium</span> <span class='ocrx_word' id='word_1_112' title='bbox 416 1584 462 1613; x_wconf 93' lang='lat' dir='ltr'>non</span> <span class='ocrx_word' id='word_1_113' title='bbox 483 1571 520 1621; x_wconf 83' lang='lat' dir='ltr'>est,</span> <span class='ocrx_word' id='word_1_114' title='bbox 543 1583 591 1611; x_wconf 91' lang='lat' dir='ltr'>cum</span> <span class='ocrx_word' id='word_1_115' title='bbox 612 1567 710 1610; x_wconf 90' lang='lat' dir='ltr'>omnium</span> <span class='ocrx_word' id='word_1_116' title='bbox 730 1566 795 1623; x_wconf 89' lang='lat' dir='ltr'>primi</span> <span class='ocrx_word' id='word_1_117' title='bbox 810 1568 898 1620; x_wconf 82' lang='lat' dir='ltr'>fuerint,</span> <span class='ocrx_word' id='word_1_118' title='bbox 921 1568 959 1624; x_wconf 85' lang='lat' dir='ltr'>qui</span> 
     </span>
     <span class='ocr_line' id='line_1_17' title="bbox 68 1639 959 1702; baseline -0.008 -12"><span class='ocrx_word' id='word_1_119' title='bbox 68 1646 109 1689; x_wconf 89' lang='lat' dir='ltr'>diis</span> <span class='ocrx_word' id='word_1_120' title='bbox 124 1645 268 1702; x_wconf 75' lang='lat' dir='ltr'>habitationes</span> <span class='ocrx_word' id='word_1_121' title='bbox 284 1645 441 1695; x_wconf 85' lang='lat' dir='ltr'>exstruxerunt,</span> <span class='ocrx_word' id='word_1_122' title='bbox 458 1642 515 1700; x_wconf 90' lang='lat' dir='ltr'>quod</span> <span class='ocrx_word' id='word_1_123' title='bbox 526 1640 648 1685; x_wconf 89' lang='lat' dir='ltr'>Herodotus</span> <span class='ocrx_word' id='word_1_124' title='bbox 659 1639 712 1683; x_wconf 88' lang='lat' dir='ltr'>Hist</span> <span class='ocrx_word' id='word_1_125' title='bbox 724 1644 766 1693; x_wconf 80' lang='grc'>2,4</span> <span class='ocrx_word' id='word_1_126' title='bbox 777 1640 892 1684; x_wconf 83' lang='lat' dir='ltr'>memoriae</span> <span class='ocrx_word' id='word_1_127' title='bbox 908 1655 959 1698; x_wconf 91' lang='lat' dir='ltr'>pro-</span> 
     </span>
     <span class='ocr_line' id='line_1_18' title="bbox 68 1715 959 1778; baseline -0.001 -16"><span class='ocrx_word' id='word_1_128' title='bbox 68 1719 111 1763; x_wconf 89' lang='lat' dir='ltr'>dit:</span> <span class='ocrx_word' id='word_1_129' title='bbox 132 1723 214 1778; x_wconf 77' lang='grc' dir='ltr'>βωμοὺς</span> <span class='ocrx_word' id='word_1_130' title='bbox 230 1736 251 1765; x_wconf 76' lang='lat' dir='ltr'>re</span> <span class='ocrx_word' id='word_1_131' title='bbox 267 1722 302 1763; x_wconf 78' lang='grc' dir='ltr'>καὶ</span> <span class='ocrx_word' id='word_1_132' title='bbox 318 1719 429 1776; x_wconf 77' lang='grc' dir='ltr'>ἀγάλματα</span> <span class='ocrx_word' id='word_1_133' title='bbox 448 1719 482 1762; x_wconf 76' lang='grc' dir='ltr'>καὶ</span> <span class='ocrx_word' id='word_1_134' title='bbox 499 1718 559 1775; x_wconf 78' lang='grc' dir='ltr'>νηοὺς</span> <span class='ocrx_word' id='word_1_135' title='bbox 576 1720 643 1761; x_wconf 69' lang='grc' dir='ltr'>θεοῖσι</span> <span class='ocrx_word' id='word_1_136' title='bbox 664 1715 770 1774; x_wconf 81' lang='grc' dir='ltr'>ἀπονεῖμαι</span> <span class='ocrx_word' id='word_1_137' title='bbox 786 1720 851 1774; x_wconf 76' lang='grc' dir='ltr'>σφέας</span> <span class='ocrx_word' id='word_1_138' title='bbox 866 1720 959 1774; x_wconf 78' lang='grc' dir='ltr'>πρώτους</span> 
     </span>
     <span class='ocr_line' id='line_1_19' title="bbox 70 1786 959 1852; baseline -0.004 -17"><span class='ocrx_word' id='word_1_139' title='bbox 70 1791 211 1852; x_wconf 80' lang='lat' dir='ltr'>(Aegyptios).</span> <span class='ocrx_word' id='word_1_140' title='bbox 241 1790 297 1833; x_wconf 79' lang='lat' dir='ltr'>item</span> <span class='ocrx_word' id='word_1_141' title='bbox 318 1790 342 1832; x_wconf 91' lang='lat' dir='ltr'>in</span> <span class='ocrx_word' id='word_1_142' title='bbox 357 1788 479 1846; x_wconf 86' lang='lat' dir='ltr'>Babylonia</span> <span class='ocrx_word' id='word_1_143' title='bbox 501 1787 528 1831; x_wconf 89' lang='lat' dir='ltr'>ad</span> <span class='ocrx_word' id='word_1_144' title='bbox 549 1786 658 1830; x_wconf 81' lang='lat' dir='ltr'>meridiem</span> <span class='ocrx_word' id='word_1_145' title='bbox 679 1790 781 1845; x_wconf 89' lang='lat' dir='ltr'>vergente</span> <span class='ocrx_word' id='word_1_146' title='bbox 798 1786 876 1840; x_wconf 78' lang='lat' dir='ltr'>(iudea,</span> <span class='ocrx_word' id='word_1_147' title='bbox 898 1786 959 1844; x_wconf 88' lang='lat' dir='ltr'>prin-</span> 
     </span>
     <span class='ocr_line' id='line_1_20' title="bbox 68 1860 959 1921; baseline -0.003 -14"><span class='ocrx_word' id='word_1_148' title='bbox 68 1879 117 1920; x_wconf 90' lang='lat' dir='ltr'>ceps</span> <span class='ocrx_word' id='word_1_149' title='bbox 132 1863 192 1907; x_wconf 89' lang='lat' dir='ltr'>urbis</span> <span class='ocrx_word' id='word_1_150' title='bbox 207 1863 283 1921; x_wconf 82' lang='lat' dir='ltr'>Lagus,</span> <span class='ocrx_word' id='word_1_151' title='bbox 299 1863 336 1920; x_wconf 90' lang='lat' dir='ltr'>qui</span> <span class='ocrx_word' id='word_1_152' title='bbox 352 1862 407 1905; x_wconf 92' lang='lat' dir='ltr'>circa</span> <span class='ocrx_word' id='word_1_153' title='bbox 423 1877 505 1904; x_wconf 88' lang='lat' dir='ltr'>annum</span> <span class='ocrx_word' id='word_1_154' title='bbox 520 1877 538 1908; x_wconf 83' lang='lat' dir='ltr'>a.</span> <span class='ocrx_word' id='word_1_155' title='bbox 555 1860 592 1907; x_wconf 83' lang='lat' dir='ltr'>Ob.</span> <span class='ocrx_word' id='word_1_156' title='bbox 608 1876 629 1907; x_wconf 90' lang='lat' dir='ltr'>n.</span> <span class='ocrx_word' id='word_1_157' title='bbox 645 1863 678 1904; x_wconf 88' lang='lat' dir='ltr'>ter</span> <span class='ocrx_word' id='word_1_158' title='bbox 693 1861 833 1904; x_wconf 89' lang='lat' dir='ltr'>millesimum</span> <span class='ocrx_word' id='word_1_159' title='bbox 849 1860 897 1915; x_wconf 80' lang='lat' dir='ltr'>fuit,</span> <span class='ocrx_word' id='word_1_160' title='bbox 919 1861 959 1904; x_wconf 93' lang='lat' dir='ltr'>deo</span> 
     </span>
     <span class='ocr_line' id='line_1_21' title="bbox 70 1933 959 1994; baseline -0.002 -15"><span class='ocrx_word' id='word_1_161' title='bbox 70 1937 175 1994; x_wconf 85' lang='lat' dir='ltr'>Ningirsu</span> <span class='ocrx_word' id='word_1_162' title='bbox 190 1936 301 1992; x_wconf 81' lang='lat' dir='ltr'>templum,</span> <span class='ocrx_word' id='word_1_163' title='bbox 317 1935 375 1993; x_wconf 90' lang='lat' dir='ltr'>quod</span> <span class='ocrx_word' id='word_1_164' title='bbox 393 1935 481 1987; x_wconf 88' lang='lat' dir='ltr'>,domus</span> <span class='ocrx_word' id='word_1_165' title='bbox 497 1936 578 1991; x_wconf 88' lang='lat' dir='ltr'>septem</span> <span class='ocrx_word' id='word_1_166' title='bbox 594 1933 706 1988; x_wconf 51' lang='lat' dir='ltr'>tabulatam</span> <span class='ocrx_word' id='word_1_167' title='bbox 726 1934 879 1991; x_wconf 77' lang='lat' dir='ltr'>appellabatur,</span> <span class='ocrx_word' id='word_1_168' title='bbox 901 1934 959 1978; x_wconf 88' lang='lat' dir='ltr'>aedi-</span> 
     </span>
    </p>
   </div>
   <div class='ocr_carea' id='block_1_9' title="bbox 2 2006 959 2069">
    <p class='ocr_par' dir='ltr' id='par_1_9' title="bbox 2 2006 959 2069">
     <span class='ocr_line' id='line_1_22' title="bbox 2 2006 959 2069; baseline 0 -18"><span class='ocrx_word' id='word_1_169' title='bbox 2 2037 3 2041; x_wconf 59' lang='lat'><em>=</em></span> <span class='ocrx_word' id='word_1_170' title='bbox 69 2009 142 2052; x_wconf 86' lang='lat' dir='ltr'>ficasse</span> <span class='ocrx_word' id='word_1_171' title='bbox 153 2008 229 2052; x_wconf 91' lang='lat' dir='ltr'>dicitur</span> <span class='ocrx_word' id='word_1_172' title='bbox 245 2009 320 2069; x_wconf 83' lang='lat' dir='ltr'>(lnscr.</span> <span class='ocrx_word' id='word_1_173' title='bbox 332 2008 385 2052; x_wconf 83' lang='lat' dir='ltr'>Gud.</span> <span class='ocrx_word' id='word_1_174' title='bbox 397 2007 414 2052; x_wconf 80' lang='lat' dir='ltr'>G</span> <span class='ocrx_word' id='word_1_175' title='bbox 426 2008 442 2059; x_wconf 88' lang='lat' dir='ltr'>l,</span> <span class='ocrx_word' id='word_1_176' title='bbox 456 2012 483 2056; x_wconf 86' lang='lat'>13</span> <span class='ocrx_word' id='word_1_177' title='bbox 494 2029 524 2045; x_wconf 95' lang='lat'><strong><em>=</em></strong></span> <span class='ocrx_word' id='word_1_178' title='bbox 535 2007 578 2054; x_wconf 87' lang='grc' dir='ltr'>ΚΒ</span> <span class='ocrx_word' id='word_1_179' title='bbox 590 2006 630 2060; x_wconf 82' lang='grc' dir='ltr'>ΠΙ,</span> <span class='ocrx_word' id='word_1_180' title='bbox 644 2010 662 2059; x_wconf 98' lang='grc'>1,</span> <span class='ocrx_word' id='word_1_181' title='bbox 674 2011 715 2057; x_wconf 71' lang='grc' dir='ltr'>ὁθῐ</span> <span class='ocrx_word' id='word_1_182' title='bbox 729 2006 749 2049; x_wconf 90' lang='lat' dir='ltr'>D</span> <span class='ocrx_word' id='word_1_183' title='bbox 760 2007 783 2052; x_wconf 86' lang='lat' dir='ltr'>ll</span> <span class='ocrx_word' id='word_1_184' title='bbox 795 2012 822 2056; x_wconf 94' lang='grc'>11</span> <span class='ocrx_word' id='word_1_185' title='bbox 834 2031 864 2044; x_wconf 93' lang='lat'><strong><em>=</em></strong></span> <span class='ocrx_word' id='word_1_186' title='bbox 875 2008 903 2052; x_wconf 87' lang='lat' dir='ltr'>ib.</span> <span class='ocrx_word' id='word_1_187' title='bbox 915 2009 959 2068; x_wconf 82' lang='lat'>51).</span> 
     </span>
    </p>
   </div>
   <div class='ocr_carea' id='block_1_10' title="bbox 70 2079 985 2358">
    <p class='ocr_par' dir='ltr' id='par_1_10' title="bbox 70 2079 985 2358">
     <span class='ocr_line' id='line_1_23' title="bbox 71 2079 960 2139; baseline 0.001 -15"><span class='ocrx_word' id='word_1_188' title='bbox 71 2081 141 2124; x_wconf 80' lang='lat' dir='ltr'>Etiam</span> <span class='ocrx_word' id='word_1_189' title='bbox 151 2081 285 2125; x_wconf 77' lang='lat' dir='ltr'>Phoenicum</span> <span class='ocrx_word' id='word_1_190' title='bbox 302 2086 324 2125; x_wconf 91' lang='lat' dir='ltr'>et</span> <span class='ocrx_word' id='word_1_191' title='bbox 334 2080 436 2137; x_wconf 80' lang='lat' dir='ltr'>Syrorum</span> <span class='ocrx_word' id='word_1_192' title='bbox 452 2080 533 2136; x_wconf 82' lang='lat' dir='ltr'>templa</span> <span class='ocrx_word' id='word_1_193' title='bbox 543 2079 680 2137; x_wconf 86' lang='lat' dir='ltr'>antiquitatis</span> <span class='ocrx_word' id='word_1_194' title='bbox 695 2079 766 2137; x_wconf 76' lang='lat' dir='ltr'>gloria</span> <span class='ocrx_word' id='word_1_195' title='bbox 777 2080 889 2139; x_wconf 80' lang='lat' dir='ltr'>Aegyptiis</span> <span class='ocrx_word' id='word_1_196' title='bbox 901 2081 960 2125; x_wconf 89' lang='lat' dir='ltr'>haud</span> 
     </span>
     <span class='ocr_line' id='line_1_24' title="bbox 71 2153 960 2212; baseline 0.002 -16"><span class='ocrx_word' id='word_1_197' title='bbox 71 2154 164 2197; x_wconf 86' lang='lat' dir='ltr'>multum</span> <span class='ocrx_word' id='word_1_198' title='bbox 180 2154 292 2198; x_wconf 86' lang='lat' dir='ltr'>concedere</span> <span class='ocrx_word' id='word_1_199' title='bbox 308 2154 413 2197; x_wconf 83' lang='lat' dir='ltr'>fateamur</span> <span class='ocrx_word' id='word_1_200' title='bbox 428 2168 512 2196; x_wconf 89' lang='lat' dir='ltr'>necesse</span> <span class='ocrx_word' id='word_1_201' title='bbox 529 2155 565 2196; x_wconf 88' lang='lat' dir='ltr'>est.</span> <span class='ocrx_word' id='word_1_202' title='bbox 591 2153 672 2197; x_wconf 78' lang='lat' dir='ltr'>Contra</span> <span class='ocrx_word' id='word_1_203' title='bbox 688 2153 808 2210; x_wconf 88' lang='lat' dir='ltr'>complures</span> <span class='ocrx_word' id='word_1_204' title='bbox 824 2157 900 2212; x_wconf 79' lang='lat' dir='ltr'>gentes</span> <span class='ocrx_word' id='word_1_205' title='bbox 921 2171 960 2198; x_wconf 91' lang='lat' dir='ltr'>an-</span> 
     </span>
     <span class='ocr_line' id='line_1_25' title="bbox 70 2226 985 2288; baseline 0.002 -19"><span class='ocrx_word' id='word_1_206' title='bbox 70 2227 142 2284; x_wconf 88' lang='lat' dir='ltr'>tiquae</span> <span class='ocrx_word' id='word_1_207' title='bbox 157 2228 238 2283; x_wconf 89' lang='lat' dir='ltr'>templa</span> <span class='ocrx_word' id='word_1_208' title='bbox 254 2229 361 2270; x_wconf 83' lang='lat' dir='ltr'>exstruere</span> <span class='ocrx_word' id='word_1_209' title='bbox 371 2226 432 2270; x_wconf 82' lang='lat' dir='ltr'>nefas</span> <span class='ocrx_word' id='word_1_210' title='bbox 444 2227 556 2279; x_wconf 86' lang='lat' dir='ltr'>duxerunt,</span> <span class='ocrx_word' id='word_1_211' title='bbox 573 2226 631 2284; x_wconf 87' lang='lat' dir='ltr'>quod</span> <span class='ocrx_word' id='word_1_212' title='bbox 646 2227 778 2288; x_wconf 90' lang='lat' dir='ltr'>immensum</span> <span class='ocrx_word' id='word_1_213' title='bbox 793 2242 875 2271; x_wconf 89' lang='lat' dir='ltr'>numen</span> <span class='ocrx_word' id='word_1_214' title='bbox 890 2227 960 2284; x_wconf 82' lang='lat' dir='ltr'>parie-</span> <span class='ocrx_word' id='word_1_215' title='bbox 984 2253 985 2256; x_wconf 62' lang='lat'><em>=</em></span> 
     </span>
     <span class='ocr_line' id='line_1_26' title="bbox 71 2299 857 2358; baseline 0.003 -16"><span class='ocrx_word' id='word_1_216' title='bbox 71 2300 129 2343; x_wconf 85' lang='lat' dir='ltr'>tibus</span> <span class='ocrx_word' id='word_1_217' title='bbox 143 2300 252 2343; x_wconf 87' lang='lat' dir='ltr'>includere</span> <span class='ocrx_word' id='word_1_218' title='bbox 268 2301 313 2343; x_wconf 89' lang='lat' dir='ltr'>eius</span> <span class='ocrx_word' id='word_1_219' title='bbox 330 2300 439 2343; x_wconf 86' lang='lat' dir='ltr'>maiestate</span> <span class='ocrx_word' id='word_1_220' title='bbox 454 2300 570 2358; x_wconf 86' lang='lat' dir='ltr'>indignum</span> <span class='ocrx_word' id='word_1_221' title='bbox 586 2314 630 2343; x_wconf 88' lang='lat' dir='ltr'>esse</span> <span class='ocrx_word' id='word_1_222' title='bbox 645 2299 687 2343; x_wconf 89' lang='lat' dir='ltr'>sibi</span> <span class='ocrx_word' id='word_1_223' title='bbox 702 2302 857 2356; x_wconf 89' lang='lat' dir='ltr'>persuaserant.</span> 
     </span>
    </p>
   </div>
   <div class='ocr_carea' id='block_1_11' title="bbox 71 2396 961 2604">
    <p class='ocr_par' dir='ltr' id='par_1_11' title="bbox 71 2396 961 2604">
     <span class='ocr_line' id='line_1_27' title="bbox 130 2396 961 2456; baseline 0.004 -17"><span class='ocrx_word' id='word_1_224' title='bbox 130 2397 199 2439; x_wconf 90' lang='lat' dir='ltr'>Arae</span> <span class='ocrx_word' id='word_1_225' title='bbox 221 2411 306 2454; x_wconf 88' lang='lat' dir='ltr'>quoque</span> <span class='ocrx_word' id='word_1_226' title='bbox 326 2397 369 2440; x_wconf 91' lang='lat' dir='ltr'>iam</span> <span class='ocrx_word' id='word_1_227' title='bbox 390 2396 544 2453; x_wconf 89' lang='lat' dir='ltr'>antiquissimis</span> <span class='ocrx_word' id='word_1_228' title='bbox 565 2397 697 2453; x_wconf 88' lang='lat' dir='ltr'>temporibus</span> <span class='ocrx_word' id='word_1_229' title='bbox 718 2398 775 2454; x_wconf 88' lang='lat' dir='ltr'>apud</span> <span class='ocrx_word' id='word_1_230' title='bbox 796 2412 870 2441; x_wconf 91' lang='lat' dir='ltr'>omnes</span> <span class='ocrx_word' id='word_1_231' title='bbox 885 2401 961 2456; x_wconf 79' lang='lat' dir='ltr'>gentes</span> 
     </span>
     <span class='ocr_line' id='line_1_28' title="bbox 71 2467 960 2535; baseline 0.007 -26"><span class='ocrx_word' id='word_1_232' title='bbox 71 2467 215 2512; x_wconf 80' lang='lat' dir='ltr'>inveniuntur.</span> <span class='ocrx_word' id='word_1_233' title='bbox 250 2469 281 2512; x_wconf 91' lang='lat' dir='ltr'>Ac</span> <span class='ocrx_word' id='word_1_234' title='bbox 297 2471 378 2525; x_wconf 89' lang='lat' dir='ltr'>primus</span> <span class='ocrx_word' id='word_1_235' title='bbox 394 2469 480 2527; x_wconf 88' lang='lat' dir='ltr'>quidem</span> <span class='ocrx_word' id='word_1_236' title='bbox 496 2469 560 2513; x_wconf 88' lang='lat' dir='ltr'>Noah</span> <span class='ocrx_word' id='word_1_237' title='bbox 576 2471 642 2513; x_wconf 88' lang='lat' dir='ltr'>altare</span> <span class='ocrx_word' id='word_1_238' title='bbox 659 2471 714 2530; x_wconf 65' lang='grc'>(1111111</span> <span class='ocrx_word' id='word_1_239' title='bbox 731 2470 790 2513; x_wconf 82' lang='lat' dir='ltr'>LXX</span> <span class='ocrx_word' id='word_1_240' title='bbox 805 2474 960 2535; x_wconf 61' lang='grc' dir='ltr'>θυσιαστήριον)</span> 
     </span>
     <span class='ocr_line' id='line_1_29' title="bbox 71 2540 961 2604; baseline 0.004 -21"><span class='ocrx_word' id='word_1_241' title='bbox 71 2540 190 2586; x_wconf 82' lang='lat' dir='ltr'>aedificasse</span> <span class='ocrx_word' id='word_1_242' title='bbox 206 2542 304 2595; x_wconf 88' lang='lat' dir='ltr'>traditur,</span> <span class='ocrx_word' id='word_1_243' title='bbox 326 2557 375 2586; x_wconf 89' lang='lat' dir='ltr'>cum</span> <span class='ocrx_word' id='word_1_244' title='bbox 397 2557 423 2585; x_wconf 88' lang='lat' dir='ltr'>ex</span> <span class='ocrx_word' id='word_1_245' title='bbox 445 2557 493 2586; x_wconf 88' lang='lat' dir='ltr'>arca</span> <span class='ocrx_word' id='word_1_246' title='bbox 515 2542 650 2601; x_wconf 87' lang='lat' dir='ltr'>egrederetur</span> <span class='ocrx_word' id='word_1_247' title='bbox 673 2543 716 2604; x_wconf 77' lang='lat' dir='ltr'>(Gn</span> <span class='ocrx_word' id='word_1_248' title='bbox 733 2548 752 2595; x_wconf 85' lang='lat'>8,</span> <span class='ocrx_word' id='word_1_249' title='bbox 764 2543 809 2603; x_wconf 73' lang='grc'>20).</span> <span class='ocrx_word' id='word_1_250' title='bbox 844 2544 961 2588; x_wconf 85' lang='lat' dir='ltr'>Probabile</span> 
     </span>
    </p>
   </div>
   <div class='ocr_carea' id='block_1_12' title="bbox 72 2614 962 2747">
    <p class='ocr_par' dir='ltr' id='par_1_12' title="bbox 72 2614 962 2747">
     <span class='ocr_line' id='line_1_30' title="bbox 72 2614 962 2674; baseline 0.007 -20"><span class='ocrx_word' id='word_1_251' title='bbox 72 2614 144 2657; x_wconf 88' lang='lat' dir='ltr'>tamen</span> <span class='ocrx_word' id='word_1_252' title='bbox 160 2618 191 2658; x_wconf 87' lang='lat' dir='ltr'>est</span> <span class='ocrx_word' id='word_1_253' title='bbox 206 2616 282 2660; x_wconf 85' lang='lat' dir='ltr'>altaria</span> <span class='ocrx_word' id='word_1_254' title='bbox 301 2615 346 2659; x_wconf 89' lang='lat' dir='ltr'>iarn</span> <span class='ocrx_word' id='word_1_255' title='bbox 361 2617 425 2659; x_wconf 88' lang='lat' dir='ltr'>antea</span> <span class='ocrx_word' id='word_1_256' title='bbox 440 2618 509 2660; x_wconf 90' lang='lat' dir='ltr'>erecta</span> <span class='ocrx_word' id='word_1_257' title='bbox 525 2631 574 2669; x_wconf 88' lang='lat' dir='ltr'>esse,</span> <span class='ocrx_word' id='word_1_258' title='bbox 596 2617 700 2672; x_wconf 88' lang='lat' dir='ltr'>quoniam</span> <span class='ocrx_word' id='word_1_259' title='bbox 715 2616 774 2660; x_wconf 84' lang='lat' dir='ltr'>Kain</span> <span class='ocrx_word' id='word_1_260' title='bbox 790 2618 811 2660; x_wconf 90' lang='lat' dir='ltr'>et</span> <span class='ocrx_word' id='word_1_261' title='bbox 826 2617 881 2661; x_wconf 89' lang='lat' dir='ltr'>Abel</span> <span class='ocrx_word' id='word_1_262' title='bbox 895 2618 962 2674; x_wconf 91' lang='lat' dir='ltr'>primi</span> 
     </span>
     <span class='ocr_line' id='line_1_31' title="bbox 72 2686 406 2747; baseline 0.009 -20"><span class='ocrx_word' id='word_1_263' title='bbox 72 2698 131 2729; x_wconf 88' lang='lat' dir='ltr'>sacra</span> <span class='ocrx_word' id='word_1_264' title='bbox 146 2686 254 2730; x_wconf 85' lang='lat' dir='ltr'>faciebant</span> <span class='ocrx_word' id='word_1_265' title='bbox 270 2688 306 2747; x_wconf 84' lang='lat' dir='ltr'>(ib.</span> <span class='ocrx_word' id='word_1_266' title='bbox 322 2692 342 2739; x_wconf 83' lang='grc'>4,</span> <span class='ocrx_word' id='word_1_267' title='bbox 354 2688 406 2747; x_wconf 72' lang='lat' dir='ltr'>os).</span> 
     </span>
    </p>
   </div>
   <div class='ocr_carea' id='block_1_13' title="bbox 72 2786 963 2961">
    <p class='ocr_par' dir='ltr' id='par_1_13' title="bbox 72 2786 963 2961">
     <span class='ocr_line' id='line_1_32' title="bbox 132 2786 961 2846; baseline 0.011 -20"><span class='ocrx_word' id='word_1_268' title='bbox 132 2787 273 2839; x_wconf 85' lang='lat' dir='ltr'>Paraphrastes</span> <span class='ocrx_word' id='word_1_269' title='bbox 292 2788 391 2828; x_wconf 77' lang='lat' dir='ltr'>Chaldaici</span> <span class='ocrx_word' id='word_1_270' title='bbox 412 2786 478 2845; x_wconf 82' lang='lat' dir='ltr'>(uelut</span> <span class='ocrx_word' id='word_1_271' title='bbox 497 2791 528 2830; x_wconf 88' lang='lat' dir='ltr'>Ps.</span> <span class='ocrx_word' id='word_1_272' title='bbox 544 2790 677 2831; x_wconf 81' lang='lat' dir='ltr'>Jonathan</span> <span class='ocrx_word' id='word_1_273' title='bbox 696 2790 721 2830; x_wconf 87' lang='lat' dir='ltr'>ad</span> <span class='ocrx_word' id='word_1_274' title='bbox 742 2791 773 2831; x_wconf 80' lang='lat' dir='ltr'>en</span> <span class='ocrx_word' id='word_1_275' title='bbox 790 2797 808 2839; x_wconf 88' lang='lat'>8,</span> <span class='ocrx_word' id='word_1_276' title='bbox 827 2797 865 2839; x_wconf 77' lang='lat'>203</span> <span class='ocrx_word' id='word_1_277' title='bbox 888 2797 921 2841; x_wconf 80' lang='lat'>22,</span> <span class='ocrx_word' id='word_1_278' title='bbox 940 2790 961 2846; x_wconf 78' lang='grc'>9)</span> 
     </span>
     <span class='ocr_line' id='line_1_33' title="bbox 72 2848 963 2901; baseline 0.009 -16"><span class='ocrx_word' id='word_1_279' title='bbox 72 2848 237 2888; x_wconf 85' lang='lat' dir='ltr'>consuetudinem</span> <span class='ocrx_word' id='word_1_280' title='bbox 253 2862 332 2889; x_wconf 87' lang='lat' dir='ltr'>ararum</span> <span class='ocrx_word' id='word_1_281' title='bbox 347 2863 412 2900; x_wconf 88' lang='lat' dir='ltr'>usque</span> <span class='ocrx_word' id='word_1_282' title='bbox 429 2851 455 2890; x_wconf 85' lang='lat' dir='ltr'>ad</span> <span class='ocrx_word' id='word_1_283' title='bbox 470 2850 534 2891; x_wconf 86' lang='lat' dir='ltr'>Adam</span> <span class='ocrx_word' id='word_1_284' title='bbox 549 2851 645 2901; x_wconf 84' lang='lat' dir='ltr'>referunt,</span> <span class='ocrx_word' id='word_1_285' title='bbox 665 2864 711 2891; x_wconf 83' lang='lat' dir='ltr'>omn</span> <span class='ocrx_word' id='word_1_286' title='bbox 727 2854 809 2891; x_wconf 90' lang='lat' dir='ltr'>narrent</span> <span class='ocrx_word' id='word_1_287' title='bbox 824 2852 890 2892; x_wconf 86' lang='lat' dir='ltr'>Adam</span> <span class='ocrx_word' id='word_1_288' title='bbox 907 2867 963 2893; x_wconf 85' lang='lat' dir='ltr'>aram</span> 
     </span>
     <span class='ocr_line' id='line_1_34' title="bbox 72 2907 962 2961; baseline 0.012 -18"><span class='ocrx_word' id='word_1_289' title='bbox 72 2907 198 2957; x_wconf 81' lang='lat' dir='ltr'>exstruxisse,</span> <span class='ocrx_word' id='word_1_290' title='bbox 218 2909 240 2948; x_wconf 89' lang='lat' dir='ltr'>in</span> <span class='ocrx_word' id='word_1_291' title='bbox 259 2923 300 2961; x_wconf 87' lang='lat' dir='ltr'>qua</span> <span class='ocrx_word' id='word_1_292' title='bbox 315 2910 368 2950; x_wconf 77' lang='lat' dir='ltr'>Kaio</span> <span class='ocrx_word' id='word_1_293' title='bbox 387 2914 408 2951; x_wconf 87' lang='lat' dir='ltr'>et</span> <span class='ocrx_word' id='word_1_294' title='bbox 423 2912 479 2960; x_wconf 88' lang='lat' dir='ltr'>Abel,</span> <span class='ocrx_word' id='word_1_295' title='bbox 500 2912 571 2952; x_wconf 88' lang='lat' dir='ltr'>deinde</span> <span class='ocrx_word' id='word_1_296' title='bbox 590 2913 647 2953; x_wconf 87' lang='lat' dir='ltr'>Noah</span> <span class='ocrx_word' id='word_1_297' title='bbox 667 2914 687 2953; x_wconf 88' lang='lat' dir='ltr'>et</span> <span class='ocrx_word' id='word_1_298' title='bbox 702 2913 802 2952; x_wconf 83' lang='lat' dir='ltr'>Abraham</span> <span class='ocrx_word' id='word_1_299' title='bbox 822 2913 962 2954; x_wconf 82' lang='lat' dir='ltr'>sacrificarent¹</span> 
     </span>
    </p>
   </div>
   <div class='ocr_carea' id='block_1_14' title="bbox 73 3025 963 3162">
    <p class='ocr_par' dir='ltr' id='par_1_14' title="bbox 73 3025 963 3162">
     <span class='ocr_line' id='line_1_35' title="bbox 133 3025 963 3089; baseline 0.008 -20"><span class='ocrx_word' id='word_1_300' title='bbox 133 3025 167 3070; x_wconf 93' lang='lat' dir='ltr'>Il.</span> <span class='ocrx_word' id='word_1_301' title='bbox 199 3025 289 3084; x_wconf 77' lang='lat' dir='ltr'>Antiqui</span> <span class='ocrx_word' id='word_1_302' title='bbox 305 3028 454 3073; x_wconf 88' lang='lat' dir='ltr'>Hebraeorum</span> <span class='ocrx_word' id='word_1_303' title='bbox 475 3030 654 3085; x_wconf 85' lang='lat' dir='ltr'>patriarchae</span> <span class='ocrx_word' id='word_1_304' title='bbox 675 3032 699 3074; x_wconf 93' lang='lat' dir='ltr'>in</span> <span class='ocrx_word' id='word_1_305' title='bbox 721 3030 772 3074; x_wconf 88' lang='lat' dir='ltr'>locis</span> <span class='ocrx_word' id='word_1_306' title='bbox 795 3030 829 3073; x_wconf 90' lang='lat' dir='ltr'>dei</span> <span class='ocrx_word' id='word_1_307' title='bbox 845 3035 963 3089; x_wconf 86' lang='lat' dir='ltr'>conspectu</span> 
     </span>
     <span class='ocr_line' id='line_1_36' title="bbox 73 3095 963 3162; baseline 0.011 -24"><span class='ocrx_word' id='word_1_308' title='bbox 73 3095 165 3150; x_wconf 87' lang='lat' dir='ltr'>quodam</span> <span class='ocrx_word' id='word_1_309' title='bbox 181 3100 308 3143; x_wconf 89' lang='lat' dir='ltr'>consecratis</span> <span class='ocrx_word' id='word_1_310' title='bbox 329 3100 372 3161; x_wconf 83' lang='lat' dir='ltr'>(Gn</span> <span class='ocrx_word' id='word_1_311' title='bbox 390 3107 423 3155; x_wconf 73' lang='grc'>12,</span> <span class='ocrx_word' id='word_1_312' title='bbox 440 3106 485 3154; x_wconf 71' lang='lat' dir='ltr'>7s3</span> <span class='ocrx_word' id='word_1_313' title='bbox 503 3108 537 3157; x_wconf 87' lang='grc'>13,</span> <span class='ocrx_word' id='word_1_314' title='bbox 548 3108 568 3151; x_wconf 85' lang='grc'>4.</span> <span class='ocrx_word' id='word_1_315' title='bbox 588 3108 625 3154; x_wconf 70' lang='lat'>18³</span> <span class='ocrx_word' id='word_1_316' title='bbox 641 3108 677 3157; x_wconf 80' lang='lat'>26,</span> <span class='ocrx_word' id='word_1_317' title='bbox 689 3106 729 3156; x_wconf 80' lang='lat'>25;</span> <span class='ocrx_word' id='word_1_318' title='bbox 746 3104 887 3162; x_wconf 62' lang='grc'>31131),</span> <span class='ocrx_word' id='word_1_319' title='bbox 904 3105 963 3149; x_wconf 88' lang='lat' dir='ltr'>haud</span> 
     </span>
    </p>
   </div>
   <div class='ocr_carea' id='block_1_15' title="bbox 0 0 1066 3321">
    <p class='ocr_par' dir='ltr' id='par_1_15' title="bbox 0 0 1066 3321">
     <span class='ocr_line' id='line_1_37' title="bbox 0 0 1066 3321; baseline 0 0"><span class='ocrx_word' id='word_1_320' title='bbox 0 0 1066 3321; x_wconf 95' lang='lat' dir='ltr'> </span> 
     </span>
    </p>
   </div>
  </div>
 </body>
</html>
