2147 3361
457 86 594 126 Mercatura·
907 60 961 136 '3533

22 205 25 213 ἱ
63 215 132 274 pellex
148 203 256 256 nobilium
270 210 336 254 ebore
353 214 440 255 ornatae
452 211 507 272 (Am
523 217 544 265 3,
559 216 600 265 ‘153
616 217 634 266 6,
650 214 680 273 4),
692 198 693 202 ¹
703 213 793 271 parietes
808 210 890 270 tabulis
906 201 959 267 ligni

62 273 154 348 pretiosi
176 284 244 342 Opes&
263 284 308 344 (des
325 275 362 340 22}
382 285 416 345 14)
438 287 503 339 elafii·
539 277 679 350 Condimenta
701 286 786 345 quoque
805 284 867 330 uaria
882 299 960 337 earmu

63 352 221 408 peremerant,
237 356 287 415 quae
303 356 411 413 plurimae
426 353 598 415 importabantur
613 359 657 420 (Jes
668 354 706 412 60,
717 363 740 415 6,
757 359 782 404 ce
793 364 811 411 3⁷
822 358 858 419 5),
880 357 960 403 Eodem

66 438 162 491 tempore
178 432 294 474 mercatura
310 429 385 473 tenuis
401 431 542 487 excolebatur,
564 423 708 495 imprimisin
725 432 812 477 urbibus
833 430 959 482 maioribus,

64 506 100 551 ubi
116 503 193 549 omnia
210 502 284 547 cibaria
300 493 394 547 emenda
409 504 516 565 erantqll
533 505 567 563 lig
583 506 639 566 11).
673 504 722 559 Qua
739 505 847 549 occasione
865 519 906 556 eos,
923 502 959 561 qui

61 566 208 639 'mercaturam
223 589 324 634 magnam
340 575 453 630 faciebant,
468 574 521 639 usos
532 594 580 632 esse,
596 573 620 623 ut
630 595 655 623 ex
666 594 768 623 annonae
784 579 876 622 caritate
889 577 959 621 lucra-

63 642 144 705 rentur,
162 665 189 693 ex
202 650 246 701 ,A'm
261 655 280 704 8,
291 644 329 698 5s.
347 650 420 695 elucet.
440 651 476 695 ¹In
490 652 597 696 >exsilio
613 653 773 711 Babylonio
789 651 872 703 Judaei,
889 650 959 708 patria

64 730 101 771 sna
112 723 196 775 orbati,
213 723 279 781 magis
293 722 409 780 magisque
424 726 567 768 mercaturam
582 726 673 782 amplexi
691 728 748 772 sunt.
774 725 818 771 atsi
829 712 891 767 enim
901 712 959 777 haud

65 796 159 850 deerant,
177 796 214 854 qui
230 796 330 840 suadente
347 794 438 840 Jeremia
452 797 560 854 propheta
576 799 617 859 (29,
628 799 754 858 Astagros
770 798 869 848 colerent,
887 799 959 840 tamen

66 872 161 931 plerique
182 870 269 914 emendo
289 869 444 927 vendendoque
464 870 534 914 vitam
555 873 682 928 sustentasse
704 871 807 918 videntur.
839 865 958 930 Sequen-

66 945 140 989 tibus
157 943 328 1000 temporibus
344 941 421 986 Judaei
431 946 562 988 mercaturae
578 946 585 988 i
597 939 608 988 a
619 944 685 989 dediti
696 947 763 997 erant,
779 946 802 987 ut
812 943 861 986 solo
873 942 958 986 emendi

66 1021 86 1063 et
100 1015 210 1062 vendendi
226 1019 311 1074 quaestu
329 1018 352 1059 et
367 1016 429 1068 lucro„
441 1016 569 1067 ducerentur
585 1018 618 1078 (ef,
634 1017 684 1062 Neh
701 1021 721 1069 ἕ),
741 1020 826 1078 1-13).
854 1015 959 1060 Siracides

66 1096 99 1143 26,
110 1095 140 1138 20
154 1095 293 1133 mercatorum
305 1092 328 1133 et
339 1103 458 1146 cauponum
475 1091 580 1151 (ἐμπόρων
596 1093 616 1136 et
630 1091 741 1152 καπήλων)
757 1090 891 1134 mentionem
901 1082 958 1145 facit.

65 1163 162 1220 ¹Scriptor
185 1162 283 1219 epistulae
305 1163 405 1207 Aristeae
428 1160 582 1208 commemorat
603 1164 684 1207 Arabes
707 1179 807 1222 magnam
830 1162 877 1206 vim
900 1162 959 1215 turis,

64 1251 206 1295 gemmarum,
222 1236 265 1279 auri
280 1236 303 1279 in
313 1235 459 1282 Palaestinam
473 1236 602 1293 importasse
617 1239 682 1294 atque
694 1251 743 1280 eam
757 1239 834 1280 terram
844 1236 903 1279 bene
914 1236 959 1279 cul-

65 1313 108 1354 tam
125 1312 149 1354 et
165 1311 251 1366 propter
265 1312 342 1367 portus
358 1309 385 1352 ad
401 1312 543 1370 mercaturam
559 1310 657 1354 idoneam
673 1324 721 1352 esse
737 1309 793 1353 dicit,
824 1308 860 1351 Ad
876 1306 919 1352 hoc
934 1324 960 1365 er

67 1383 158 1427 Talmud
174 1382 327 1440 cognoscimus,
349 1397 414 1439 quam
429 1382 509 1426 multae
531 1382 611 1427 fuerint
626 1397 713 1434 meroes,
735 1398 787 1440 quae
806 1382 840 1426 vel
858 1385 937 1439 export
950 1408 959 1416 -

65 1457 144 1500 bantur
161 1456 196 1500 vel
216 1455 389 1513 importabantur
404 1459 424 1499 et
439 1458 574 1513 quantopere
594 1458 715 1499 mercatura
736 1456 759 1499 in
774 1455 900 1499 Palaestina
920 1455 959 1498 flo-

64 1530 136 1586 ruerit.
170 1529 240 1584 Atque
259 1529 324 1573 etiam
345 1543 404 1572 nune
423 1528 499 1572 Judaei
521 1531 650 1572 mercaturas
671 1528 726 1572 adeo
747 1529 833 1582 iaciunt,
857 1530 884 1572 ut
903 1528 959 1572 nulli

65 1603 119 1646 inter
135 1616 213 1646 omnes
227 1603 316 1660 populos
333 1601 440 1646 institoria
455 1604 500 1645 arte
518 1604 540 1645 et
555 1602 663 1646 fraudibus
679 1602 804 1646 famosiores
814 1602 958 1659 reperiantur.

129 1705 136 1731 1
148 1704 250 1745 Hebraeos
260 1704 281 1743 in
291 1704 382 1756 negotiis
393 1703 512 1756 peragendis
523 1704 578 1743 haud
589 1717 632 1744 raro
643 1703 723 1744 iniuste
736 1704 805 1744 fecisse
815 1717 839 1744 ex
850 1704 959 1755 reprehen-

69 1765 158 1806 sionibus
180 1765 323 1817 prophetarum
346 1765 389 1804 sine
406 1765 464 1805 dubio
482 1766 571 1805 constat.
596 1765 659 1804 Hosea
675 1764 760 1816 quidem
778 1771 809 1813 12,
828 1771 840 1808 8
864 1767 959 1805 stateram

66 1826 157 1866 dolosam
174 1822 197 1865 in
212 1839 271 1866 manu
286 1826 406 1865 mereatoris
421 1824 559 1877 reprehendit.
590 1827 650 1866 Amos
668 1832 688 1875 8,
707 1831 764 1869 4—e
785 1827 806 1866 in
821 1826 959 1866 faeneratores

68 1889 86 1927 et
101 1898 232 1939 oppressores
248 1899 362 1938 pauperum
378 1889 437 1938 atque
451 1886 542 1927 iniustos
555 1887 691 1939 negotiatores
704 1886 812 1937 invehitur,
830 1886 868 1938 qui
879 1886 959 1927 dicunt:

68 1948 165 1997 „Quando
181 1948 276 1988 transibit
290 1947 374 1995 mensis,
390 1949 414 1987 ut
424 1947 557 1987 divendamus
571 1960 675 1996 annonam,
694 1943 725 2003 (et
735 1948 812 1999 quando
828 1943 959 2003 praeteribit)

66 2008 180 2057 sabbatum,
201 2010 225 2049 ut
244 2009 358 2061 aperiamus
379 2007 502 2047 trumentum
526 2004 547 2063 (i.
564 2022 579 2049 e.
596 2008 669 2057 horrea,
694 2009 717 2047 in
738 2009 810 2061 quibus
831 2009 959 2049 frumentum

68 2071 182 2122 repositum
198 2068 235 2126 est)
255 2072 275 2109 et
293 2069 412 2109 minuamus
433 2069 482 2119 epha
504 2065 527 2123 (i.
544 2081 560 2108 e.
576 2071 600 2109 ut
615 2069 719 2109 diminuta
735 2076 826 2110 mensura
842 2070 958 2109 ementibus

67 2127 186 2186 metiamur)
203 2133 223 2169 et
238 2143 347 2183 augeamus
365 2130 435 2169 siclum
450 2127 542 2184 (argenti
557 2130 570 2170 i.
582 2143 597 2169 e.
612 2130 713 2170 frumenti
729 2128 824 2187 pretium)
841 2132 864 2170 et
880 2144 959 2181 perrer-

68 2193 133 2231 tamus
151 2192 219 2231 lanees
235 2192 274 2232 dcli
291 2187 390 2246 (dolosas)
402 2222 406 2230 .
417 2220 436 2229 ..
452 2192 472 2230 et
488 2190 598 2230 deciduum
614 2191 678 2231 tritici
697 2188 718 2247 (i.
730 2205 745 2231 e,
757 2192 886 2244 quisquilias,
904 2204 959 2243 quae,

67 2251 114 2291 dum
136 2252 263 2292 frumentum
283 2253 392 2304 purgatur,
413 2264 434 2291 er
456 2250 523 2292 cribro
545 2249 648 2305 decidunt)
670 2252 802 2294 ‘vendamus‘t
834 2252 904 2292 Etiam
927 2264 959 2292 ore

67 2315 179 2364 prophetae
195 2313 259 2353 lllleha
274 2321 292 2362 t,
312 2320 340 2355 10
350 2325 365 2352 s.
396 2312 457 2352 Jahve
473 2311 579 2364 queritur:
597 2311 682 2368 „OEstne
700 2312 765 2354 adhuc
780 2315 800 2354 in
815 2314 876 2353 domo
892 2309 958 2369 impii)

68 2374 116 2424 epha
132 2374 206 2414 maciei
223 2373 242 2427 (i.
258 2387 273 2414 e.
288 2386 386 2414 mensura
402 2373 508 2421 diminuta,
525 2373 580 2412 insta
595 2372 686 2430 minor)?
714 2374 768 2414 Num
783 2387 846 2426 purus
863 2386 898 2413 ero
915 2386 959 2413 cum

68 2433 183 2475 bilancibus
199 2435 291 2487 improbis
309 2431 332 2490 (i.
350 2447 430 2474 enum
445 2436 529 2474 sanctus
546 2446 589 2475 esse
604 2447 695 2487 possum,
714 2435 731 2475 si
746 2435 860 2475 bilancibus
876 2433 958 2474 fraudu-

67 2494 126 2535 lentis
144 2496 178 2536 uti
193 2495 290 2548 impunite
306 2491 450 2551 admittam)l“

128 2593 137 2619 2
150 2593 235 2645 Magnae
246 2593 346 2645 quaedam
357 2591 401 2633 riae
411 2591 521 2640 mercandi,
538 2592 611 2642 quibus
622 2593 662 2634 iam
673 2593 820 2644 antiquissimis
831 2592 959 2644 temporibus

68 2651 177 2694 Phoenices
189 2657 209 2694 et
219 2655 292 2695 Arabes
304 2653 422 2700 utebantur,
438 2653 499 2692 eliam
516 2653 619 2704 regionem
634 2655 716 2695 Ganaan
732 2655 858 2707 attingebant
875 2666 959 2705 eamque

68 2713 111 2763 plus
133 2716 228 2767 minusve
247 2714 389 2768 permeabant3
410 2726 469 2765 quare
485 2713 575 2754 Hebraei
591 2717 611 2755 et
625 2715 665 2767 ipsi
682 2729 694 2754 a
711 2715 825 2756 commercio
841 2727 886 2755 non
901 2715 959 2765 plane

69 2776 156 2825 separati
173 2779 236 2817 erunt.
265 2776 326 2817 Velut
348 2787 384 2826 pei·
404 2775 507 2827 regionem
524 2774 612 2815 Dothain
626 2776 659 2816 via
681 2776 783 2816 mercandi
798 2790 809 2815 a
825 2776 923 2815 Damasco
938 2776 959 2815 in

68 2835 186 2889 Aegyptum
202 2837 276 2878 ferebat
292 2834 326 2893 (cf.
340 2836 371 2876 Gn
383 2840 416 2888 37,
430 2841 461 2877 17.
473 2833 519 2890 ⁶25).
547 2836 684 2889 Magnaeviae
696 2837 763 2887 regiae
773 2837 811 2876 Nm
824 2843 859 2884 20,
875 2843 908 2878 17.
922 2843 958 2885 1=9;

69 2900 100 2944 21,
119 2903 147 2939 22
171 2899 246 2939 mentio
266 2899 299 2947 fit;
322 2898 355 2937 est
375 2909 398 2936 ea
417 2896 454 2945 via,
475 2909 530 2947 quae
546 2911 558 2936 a
573 2899 651 2950 regione
667 2897 806 2938 Edomitarum
826 2910 865 2949 per
885 2898 959 2937 terram

68 2956 203 2999 Moabitarum
220 2963 239 2999 et
249 2958 412 3000 Ammonitarum
427 2957 548 2998 Damascum
563 2971 630 2999 versus
646 2960 667 2998 et
684 2971 696 2997 a
711 2957 804 2998 Damasco
819 2959 842 2998 in
854 2958 959 3010 Assyriam

69 3016 160 3061 ducebat.
193 3020 222 3059 Ex
237 3034 275 3072 qua
290 3020 325 3060 via
347 3018 455 3058 allatione
471 3018 583 3059 roi-danem
599 3019 679 3059 Jericho
696 3031 767 3059 versus
782 3020 842 3070 atque
860 3018 908 3059 inde
924 3032 960 3072 per

68 3076 180 3121 Samariam
196 3082 217 3120 in
232 3081 345 3122 Phoenicen
366 3080 386 3119 ct
405 3093 441 3131 per
455 3079 558 3119 Judaeam
578 3080 599 3120 in
614 3081 733 3132 Aegyptum
753 3079 835 3123 ferebat.
870 3080 922 3120 Item
938 3094 961 3121 er

69 3138 114 3181 sinu
130 3140 190 3181 mich
207 3142 256 3184 duae
271 3144 314 3183 siae
331 3141 355 3180 in
370 3139 480 3180 Phoenicen
497 3141 605 3190 ducebant,
626 3141 690 3181 altera
707 3140 830 3182 occidentem
846 3153 921 3182 versus
936 3142 961 3182 ad
