2147 3361
356 62 425 101 Oultus
438 63 449 100 J
451 64 509 101 ahvae
522 64 562 111 lege
571 60 685 111 'prohibitus
922 67 969 111 415

75 211 123 240 earn
143 186 306 235 eelebrationem
326 186 367 229 sub
388 187 475 244 regibus
496 187 656 243 posterioribus,
678 202 726 231 eum
747 185 868 230 idololatria
888 199 969 229 conva-

76 268 166 316 tessares,
182 261 242 304 illam
253 259 339 317 quidem
350 259 425 303 erebro
437 258 560 316 neglectam,
577 261 613 315 sed
629 275 676 304 non
694 260 783 304 omnino
800 259 900 303 omissam
917 273 969 301 esse.

76 343 129 387 Post
149 332 245 380 exsilium
260 347 309 377 vero
331 332 390 389 leges
406 331 432 375 de
448 347 504 376 anno
525 333 633 377 sabbatino
650 333 766 391 diligenter
786 332 907 377 observatas
923 346 970 375 esse

76 415 138 460 sertis
153 406 281 453 testimoniis
297 405 446 456 confirmatur,
462 421 515 463 quae
525 406 568 449 iam
579 422 645 463 supra
661 406 778 451 attulimus.
804 406 859 450 Item
875 420 901 449 ex
918 405 968 449 loeo

76 490 105 532 Ea
126 489 145 536 7,
167 486 193 529 12
205 495 220 523 s.
243 478 392 537 colligendum
414 480 446 522 est
470 479 527 537 leges
549 480 574 522 de
596 495 655 523 anno
682 480 775 524 iubilaeo
800 478 856 523 haud
878 492 969 536 prorsus

76 558 183 616 neglectus
199 567 248 605 esse,
265 567 313 595 eum
328 567 403 595 earum
420 551 509 596 alaolitio
524 552 559 596 bie
575 552 606 597 ita
617 553 755 606 describatur,
771 554 795 596 ut
810 553 903 609 populus
919 566 968 594 eam

75 628 180 688 imprimis
196 625 265 670 dolere
281 625 385 669 videatur.
624 622 626 625 ’

139 729 229 770 ¹Verbis
250 727 316 767 allatis
337 739 380 767 non
401 727 527 779 significatur
547 729 614 768 omnia
636 740 694 768 saera
714 727 757 768 fieri
777 727 840 767 desita
860 740 910 777 esse,
932 726 967 767 sed

76 795 157 834 tantum
176 790 262 842 negatur
277 788 355 828 Jahvae
376 789 494 829 holocausta
515 789 582 830 oblata
601 801 652 838 esse,
674 801 721 829 eum
737 788 840 829 Chronista
860 801 882 828 ea
904 800 967 836 saera,

74 867 127 907 eptae
146 853 168 892 in
188 847 248 890 altari
268 849 434 890 holocaustorum
454 850 512 890 modo
533 849 645 902 gentilium
666 850 769 889 exstructo
789 849 869 897 fiebant,
890 849 968 889 Jahvae

76 915 143 956 oblata
159 923 258 952 essenon
274 911 375 962 agnoscat.

139 1007 319 1049 2Oelebrationern
341 1008 441 1048 festorum
462 1008 647 1048 anniversariorum
668 1007 799 1047 multitudini
815 1019 879 1046 earam
896 1018 968 1058 aecep-

76 1075 158 1121 tamque
173 1069 236 1109 fuisse
252 1069 298 1108 inde
310 1082 392 1121 quoque
409 1069 480 1116 elucet,
497 1069 551 1120 quod
566 1068 697 1109 Jerobeami
712 1068 742 1116 iis,
760 1068 795 1119 qui
806 1068 870 1119 ipsius
880 1066 968 1118 imperio

76 1131 163 1171 subieeti
179 1131 241 1178 erant,
258 1129 333 1170 festum
345 1129 428 1182 septimi
439 1130 513 1170 mensis
530 1126 613 1185 (festum
629 1126 816 1183 tabernaculorum)
832 1128 854 1167 in
870 1128 969 1180 quintum

75 1193 176 1232 deoimum
192 1191 245 1231 diem
261 1190 336 1231 mensis
353 1191 420 1231 oetavi
436 1191 542 1231 transtulit
557 1189 576 1247 (I
592 1192 623 1243 ng
642 1197 676 1238 12,
695 1186 738 1246 32),
754 1192 779 1231 ut
794 1189 940 1241 separationem
958 1202 969 1228 a

75 1266 138 1304 regno
154 1252 206 1292 duda
222 1252 282 1292 etiam
299 1251 421 1292 differentiis
438 1252 463 1292 ad
479 1252 556 1291 cultum
571 1252 725 1303 pertinentibus
741 1251 871 1292 confirmaret.
904 1300 910 1312 Ι

423 1455 497 1513 Caput
512 1456 619 1512 primurn

194 1583 234 1628 De
254 1583 335 1629 eriltu
354 1584 463 1630 Jahvae
482 1584 541 1640 lege
560 1584 688 1631 Mosaios
706 1584 846 1640 prohibito

515 1723 526 1767 I

235 1819 271 1862 De
287 1820 366 1864 oultu
383 1820 412 1864 in
427 1820 500 1864 loeis
515 1820 634 1865 excelsis
650 1820 803 1865 exercitato

136 1940 156 1987 I.
171 1939 257 1985 Praeter
272 1942 397 1998 legitimum
412 1942 440 1986 in
451 1944 588 1987 tabernaculo
609 1943 702 1987 foederis
718 1944 739 1986 et
754 1942 778 1986 in
793 1942 872 2000 templo
889 1942 968 1985 Hiero-

73 2011 205 2067 solymitano
221 2013 303 2057 Jahvae
324 2015 408 2059 cutum
424 2031 437 2059 a
452 2016 524 2072 primis
544 2016 679 2073 temporibus
694 2016 789 2060 iudicum
804 2031 870 2073 usque
887 2015 915 2058 ad
931 2029 969 2058 ex-

75 2084 148 2128 silium
159 2085 203 2130 eius
214 2088 283 2131 uultus
294 2088 317 2131 in
334 2088 408 2132 loeis
425 2089 542 2132 excelsis
559 2090 625 2147 (nint,
641 2090 713 2147 Assyr.
724 2089 827 2149 torridam
844 2089 877 2133 vel
888 2090 969 2132 natura

74 2156 108 2199 vel
124 2161 169 2202 arte
183 2159 246 2203 fastis
261 2176 382 2218 numquam
398 2162 442 2205 fere
458 2162 548 2206 exemeri
564 2162 645 2206 desitus
661 2167 698 2210 est.

136 2230 182 2275 Iam
197 2233 338 2289 patriarchae,
355 2249 405 2278 eum
420 2236 517 2292 proprius
533 2237 603 2279 oultus
618 2236 686 2280 divini
703 2236 764 2280 loeus
774 2236 858 2288 deesset,
874 2235 969 2279 libenter

75 2300 100 2344 in
112 2301 164 2347 loeis
176 2305 209 2348 dei
226 2306 297 2363 aliqua
312 2307 434 2363 praesentia
451 2309 583 2365 consecratis,
598 2308 707 2365 imprimis
722 2309 747 2352 in
763 2309 850 2353 oollibus
866 2310 887 2352 et
903 2323 968 2352 mon-

74 2373 134 2418 tibus
150 2375 192 2436 (Gn
208 2383 243 2432 22,
259 2384 279 2427 2,
296 2384 321 2430 9;
339 2384 375 2432 31,
392 2380 430 2439 54)
452 2395 509 2424 saera
528 2381 644 2435 faciebant,
665 2382 739 2425 eadem
758 2382 795 2425 illa
810 2382 913 2439 opinione
929 2381 968 2425 arl-

74 2445 139 2500 duoti,
155 2465 196 2507 qua
212 2451 265 2495 aliae
280 2455 357 2510 gentes
373 2453 480 2511 antiquae⁷
497 2469 554 2498 saura
564 2469 608 2512 quo
621 2455 709 2512 propius
719 2455 795 2498 fierent
805 2455 868 2511 eaelo,
885 2469 910 2499 eo
922 2469 968 2498 esse

76 2523 229 2574 praestantiora
245 2525 327 2582 deoque
348 2526 418 2583 magis
439 2529 529 2583 aceepta.
560 2528 590 2572 At
611 2528 750 2586 promulgata
769 2529 815 2586 lege
836 2528 909 2571 divina
925 2528 968 2571 He-

75 2591 134 2636 braei
149 2595 190 2639 alio
210 2598 257 2641 loeo
274 2613 335 2642 saera
350 2598 420 2642 faeere
438 2599 497 2643 vetiti
512 2603 573 2644 erant
588 2601 633 2645 nisi
649 2615 680 2654 eo,
702 2615 764 2659 quem
780 2601 821 2644 sibi
836 2602 880 2658 ipse
896 2598 968 2644 Jahve

74 2664 168 2723 elegerat
176 2669 217 2729 (Dt
229 2675 262 2724 12,
275 2672 338 2731 2ss.),
366 2671 431 2715 Uarius
447 2674 550 2731 praempti
563 2675 620 2719 ratio
632 2677 683 2730 erat,
698 2677 724 2718 ut
736 2674 824 2731 populus
835 2675 861 2717 ab
873 2673 968 2717 aliorum

76 2736 164 2784 deorum
185 2744 244 2787 uultu
264 2746 395 2799 servaretur;
416 2745 488 2789 unitas
508 2747 565 2790 enim
585 2748 630 2792 loci
652 2747 802 2791 sacrificiorum
821 2746 839 2790 ei
860 2747 967 2790 continuo

75 2811 181 2858 unitatem
201 2815 234 2859 dei
254 2817 278 2860 in
299 2817 426 2861 memoriam
446 2820 562 2864 revocabat.
594 2821 679 2864 Diserte
700 2819 783 2878 quidem
802 2819 968 2863 Deuteronomii

75 2887 150 2928 auctor
169 2902 214 2931 non
235 2890 333 2947 explieat⁷
356 2905 399 2948 qua
415 2890 441 2934 de
461 2906 523 2936 eausa
542 2908 587 2941 uno
609 2893 648 2937 illo
664 2893 712 2942 loeo
729 2892 807 2938 Jalivae
823 2908 882 2936 saura
897 2892 968 2936 faeere

75 2952 143 3010 liceat,
159 2960 194 3003 sed
210 2963 270 3006 nefas
285 2978 330 3007 esse
342 2965 403 3008 extra
414 2966 527 3009 samarium
537 2982 582 3010 rem
593 2966 691 3011 divinam
701 2965 768 3009 faeere
779 2965 829 3009 adeo
840 2979 968 3021 persuasum

75 3025 147 3087 habet,
163 3035 186 3076 ut
197 3035 262 3079 talem
272 3036 356 3080 Jahvae
368 3037 451 3081 uultum
462 3039 576 3096 gentilium
592 3040 659 3082 saeris
675 3054 747 3096 parem
762 3037 832 3092 faeiat,
848 3039 885 3096 qui
902 3038 969 3083 idolis

73 3100 118 3144 suis
128 3102 151 3146 in
162 3108 236 3161 quovis
251 3112 326 3153 monte
343 3108 387 3153 alto
404 3112 425 3153 et
440 3109 479 3154 sub
495 3112 554 3155 omni
570 3112 647 3155 arbore
662 3111 774 3155 frondente
790 3112 871 3156 hostias
887 3113 968 3157 immo-
