2165 3388
96 135 140 179 29ss
395 129 441 165 Pars
449 129 464 167 L
486 129 619 176 Antiquitatos
632 141 695 167 sacrae

97 252 216 306 Quodnisi
233 267 258 296 ex
273 251 414 296 institutione
431 252 505 296 divina
524 268 572 296 cum
593 254 667 309 primis
687 253 811 298 homiuibus
832 254 989 297 communicata

95 326 147 370 satis
163 325 294 383 probandam
311 325 419 369 rationem
440 325 519 370 habere
534 342 581 370 uon
597 327 686 380 viderur,
707 343 749 385 [pua
764 329 888 383 mysterium
904 326 989 370 divinae

97 398 190 443 iustitiae
205 401 227 442 et
242 398 323 456 gratiae
344 413 383 442 sno
405 401 502 456 ternpore
524 400 675 457 complendum
696 400 864 457 significabatur.
895 400 922 444 llt
937 415 988 443 sane

96 472 253 529 inexplicabilis
269 475 323 515 esset
339 471 415 515 effusio
432 474 546 531 sanguinis
562 474 662 518 animalis
673 476 697 518 ad
710 473 872 532 abstergendam
883 474 988 517 maculam

96 545 203 598 moralem,
223 545 266 588 nisi
282 560 306 588 eo
323 545 432 603 sanguine
448 547 536 605 sanguis
552 547 627 591 salutis
643 548 728 592 effector
744 546 823 591 christi
838 546 905 590 futuri
920 546 988 604 signi-

96 619 200 666 ficaretur,
232 619 288 662 Nam
309 634 346 661 cnr
368 619 471 663 animalia
491 620 560 664 occisa
575 626 632 673 sunt,
653 635 702 664 cum
717 635 763 664 non
778 621 926 678 peccavissent,
947 620 989 663 nisi

96 694 182 748 propter
197 690 314 744 hominem,
331 692 370 749 qui
385 695 472 749 peccato
488 696 601 746 meruerat,
622 696 647 737 ut
661 696 730 737 morte
746 701 831 737 aeterna
846 694 989 737 multaretur?

97 763 159 817 Quod
179 780 206 807 ue
225 764 292 818 fieret,
313 766 403 809 messias
424 765 552 810 occidendus
573 767 628 826 (Ape
645 771 679 819 13,
696 768 717 826 8)
739 769 802 824 atque
817 767 885 810 instar
900 765 946 809 ovis
962 765 988 809 ad

98 838 228 883 occisionem
244 837 354 882 ducendus
371 841 417 882 erat
437 838 483 899 (des
500 842 535 891 53,
552 844 580 895 7),
602 839 662 882 cuius
683 842 751 883 morte
771 842 796 883 ut
816 842 879 900 ἀμνοῦ
900 842 988 900 ἀμώμου

95 916 131 957 aar
147 914 234 958 ἀσπίλου
250 925 290 955 nos
303 911 457 955 redimeremur
474 912 542 971 (lPtr
554 917 573 964 1,
586 912 629 972 19).
655 911 796 968 Aptissimum
812 914 882 957 autem
897 912 988 968 tempus,

95 1000 139 1041 qno
159 984 204 1028 eius
224 983 282 1028 modi
303 988 369 1041 typus
390 985 545 1036 institueretur,
567 987 614 1028 tum
635 984 699 1029 fuisse
714 985 804 1038 videtur,
826 1000 918 1038 cumea,
935 1000 989 1042 quae

98 1058 131 1102 Gn
147 1063 167 1115 3,
179 1063 206 1106 21
224 1058 380 1110 deseribuntur,
397 1058 455 1102 facta
470 1061 522 1102 sunt
538 1058 551 1105 i.
563 1073 579 1103 e.
591 1059 655 1114 paulo
671 1060 722 1115 post
737 1059 988 1117 promulgatumproto-

96 1131 237 1189 evangelium,

158 1216 215 1269 Quae
226 1231 273 1259 cum
284 1216 316 1259 ita
326 1216 378 1268 sint,
394 1215 535 1273 probabiliter
551 1216 617 1260 statui
632 1231 692 1273 posse
703 1216 786 1260 videtur
802 1217 906 1274 originem
922 1217 988 1261 sacri-

95 1291 195 1334 ficiorum
210 1306 222 1333 a
238 1290 277 1333 deo
293 1289 340 1347 ipso
357 1289 496 1345 repetendam
513 1304 602 1347 eamque
618 1290 644 1333 ad
659 1290 752 1346 primam
767 1290 881 1334 hominum
897 1292 988 1334 aetatem

95 1363 229 1407 referendam
244 1378 294 1410 esse.

157 1485 228 1525 Fateor
244 1483 338 1534 equidem
355 1483 439 1523 nullum
455 1480 532 1523 clarum
544 1483 576 1523 dei
592 1483 710 1523 mandatnm
722 1483 746 1523 de
762 1483 892 1523 sacrificando
902 1484 924 1523 in
935 1485 989 1524 anti-

96 1546 193 1597 quissima
209 1545 293 1584 historia
309 1557 367 1584 sacra
384 1547 467 1594 exstare,
488 1558 513 1584 ue
531 1544 560 1585 ibi
576 1544 663 1595 quidem,
684 1544 721 1584 ubi
741 1544 826 1595 primam
846 1543 989 1586 sacrificiorum

96 1607 220 1647 mentionem
236 1605 290 1648 facit.
322 1605 362 1645 Sed
378 1618 420 1645 uon
437 1605 526 1645 arbitror
541 1607 562 1645 in
579 1618 602 1645 eo
619 1605 698 1645 silentio
714 1619 809 1658 magnum
827 1618 862 1657 pro
882 1606 908 1646 iis
929 1619 989 1658 argu-

96 1670 185 1708 mentum
196 1679 245 1716 esse,
261 1667 297 1718 qui
308 1665 454 1706 sacrificiorum
471 1666 571 1718 originem
587 1666 701 1706 hominibus
717 1666 817 1717 imputare
833 1666 913 1707 malunt
928 1679 989 1718 quam

96 1729 139 1769 deo.
171 1728 272 1783 Quamdiu
293 1727 348 1767 enim
364 1728 429 1767 Moses
449 1730 547 1768 neutrum
568 1727 661 1775 affirmat,
682 1728 761 1767 tamdiu
779 1740 802 1767 ca
822 1740 853 1767 res
873 1729 894 1767 in
910 1729 987 1768 contro-

96 1789 162 1831 versia
177 1790 275 1830 versatur.
307 1789 334 1828 Et
351 1801 399 1828 saue
416 1802 489 1840 magna
504 1801 527 1828 ac
542 1789 608 1828 multa
628 1788 698 1840 primis
719 1787 790 1828 mundi
811 1788 911 1828 aetatibus
931 1793 990 1841 gesta

97 1853 151 1900 sunt,
173 1862 259 1901 quorum
275 1850 317 1897 ille,
340 1861 432 1889 summae
448 1849 544 1891 brevitati
560 1849 651 1898 studens,
673 1861 698 1888 ne
714 1849 775 1889 verbo
791 1848 872 1900 quidem
891 1850 989 1890 meminit.

97 1912 159 1952 Velut
174 1923 275 1962 nusquam
291 1910 416 1950 vaticinium
431 1910 519 1960 Hercul,
535 1922 636 1961 nusquam
652 1909 772 1949 cottidianas
789 1910 896 1959 molestias,
913 1924 964 1962 quae
980 1925 990 1950 e

96 1972 166 2025 pravis
182 1971 331 2011 Sodomitarum
352 1971 445 2010 moribus
460 1971 498 2010 Lot
519 1975 574 2010 ortae
590 1973 643 2020 sunt,
665 1983 766 2021 nusquam
786 1970 820 2022 pia
835 1970 892 2011 Noah
912 1972 990 2011 monita

98 2034 120 2073 in
134 2033 218 2073 historia
234 2044 270 2072 sua
286 2032 396 2072 memoriae
413 2032 507 2082 prodidit.
537 2032 608 2083 Neque
625 2028 655 2087 (id
671 2032 724 2082 quod
741 2031 821 2071 maioris
837 2034 869 2071 est
884 2028 989 2087 momenti)

97 2107 154 2134 sacra
170 2108 181 2133 a
197 2093 248 2133 Kaiu
264 2094 284 2132 et
299 2093 352 2133 uber
372 2092 426 2132 lacta
442 2106 464 2133 eo
481 2093 565 2133 consilio
586 2091 710 2140 memoravit,
732 2093 756 2131 ut
772 2104 869 2132 summam
885 2092 990 2133 doctrinae

97 2156 122 2195 dc
138 2154 237 2195 sacrificiis
253 2155 368 2205 exponeret,
386 2153 422 2193 sed
437 2157 462 2193 ut
477 2153 525 2193 inde
541 2153 611 2193 odium
622 2152 674 2193 Kain
691 2153 713 2192 in
723 2154 774 2193 Abel
789 2153 928 2204 nefariumque
943 2167 989 2205 par·

96 2216 192 2256 ricidium
208 2214 321 2255 deduceret.
355 2213 399 2261 Quo
419 2214 488 2254 miuus
509 2214 585 2254 mirum
605 2226 648 2254 esse
669 2216 739 2265 potest,
761 2214 778 2254 si
794 2214 892 2266 originem
912 2227 988 2262 eorum,

97 2290 150 2329 quae
167 2277 225 2327 quasi
240 2275 344 2316 transiens
360 2276 463 2327 attigerat,
480 2276 552 2316 docere
568 2275 708 2326 praetermisit.

158 2422 179 2465 ’3,
195 2423 219 2475 a)
236 2419 300 2462 Varia
316 2418 472 2462 sacrificiorum
487 2433 572 2476 genera,
589 2432 681 2474 quornm
696 2418 720 2461 in
736 2418 800 2461 sacris
815 2418 891 2461 litteris
907 2417 989 2460 mentio

98 2494 129 2546 lit
151 2492 238 2536 allose
258 2492 360 2535 inst'tuta
381 2506 425 2535 esse
445 2491 600 2543 rationalistae,
623 2490 660 2548 qui
678 2494 782 2535 vocantur
804 2490 871 2551 (velut
890 2490 910 2537 J,
927 2490 951 2535 ll.
967 2490 989 2533 L.

98 2567 186 2624 (iserge,
202 2565 236 2609 W.
252 2564 331 2616 Vatke,
350 2563 371 2612 J.
388 2563 543 2624 Weuhausen),
564 2567 651 2621 negant.
682 2564 752 2622 Atque
772 2564 909 2621 praecipuum
925 2578 989 2621 argu-

96 2641 201 2691 mentum
222 2653 264 2695 quo
280 2638 303 2681 id
319 2638 466 2681 demonstrare
482 2639 595 2689 conantur,
616 2652 642 2680 ex
658 2637 719 2681 libris
735 2637 880 2694 antiquiorum
896 2636 989 2693 proplie-

98 2715 169 2756 tarum
189 2714 287 2755 sumunt:
309 2726 385 2754 omnes
406 2710 463 2754 enim
486 2709 602 2768 propbetas
623 2710 754 2767 antiquiores
774 2709 894 2767 frequenter
915 2710 990 2752 contra

97 2785 202 2829 sacrificia
217 2801 229 2828 a
245 2784 324 2842 populo
347 2783 420 2828 oblata
437 2783 515 2827 dixisse
531 2784 635 2841 deumque
657 2783 715 2826 aliud
730 2783 837 2840 postulare
853 2782 949 2826 docuisse
966 2798 990 2826 ac

97 2860 210 2910 sacrificia
227 2861 291 2915 atque
302 2858 359 2915 apud
371 2857 408 2901 der
420 2862 439 2910 7,
451 2862 543 2905 21ῆῖ4
560 2856 622 2899 deum
633 2857 709 2900 diserte
725 2871 802 2915 negare
813 2871 834 2899 se
845 2856 989 2899 Hebraeorum

97 2933 222 2985 maioribus,
243 2947 285 2989 quo
306 2934 405 2988 tempore
426 2945 461 2974 eos
477 2946 501 2974 ex
518 2930 618 2987 Aegypto
634 2930 745 2981 eduxisset,
767 2929 791 2973 de
808 2927 914 2972 sacrificiis
929 2944 991 2985 prae-

97 3011 159 3064 cepta
175 3005 261 3050 dedisse.
707 3004 709 3007 ’

158 3123 179 3175 of)
196 3128 224 3165 at
239 3126 348 3177 propbetas
365 3138 407 3165 nou
423 3125 466 3175 ipsa
477 3123 574 3163 sacrificia
584 3123 682 3171 reiecisse,
700 3123 734 3163 sed
745 3123 834 3162 animum
846 3121 932 3170 tantum,
949 3133 990 3173 quo

98 3175 200 3240 apopulo
221 3186 363 3235 offerebantur,
385 3186 512 3237 vituperasse
533 3197 565 3223 res
587 3186 628 3223 tam
649 3185 703 3224 clara
724 3186 760 3232 est,
782 3184 806 3222 ut
827 3183 850 3223 ab
867 3195 990 3235 unoquoque
