2165 3388
71 115 119 168 406,
368 117 414 154 Pars
427 118 442 155 Ι.
463 118 597 166 Antiquitates
610 130 673 156 sacrae
697 124 698 127 ’

73 241 158 285 Levitae
175 256 259 299 quoque
275 240 366 285 invitare
383 242 488 296 operteat,
499 241 656 299 impendendae
673 241 722 288 sint.
744 241 857 285 Praeterea
872 241 897 284 de
908 239 971 283 nulla

73 314 115 357 alia
131 315 218 358 decuma
233 313 275 357 nisi
290 313 400 367 frumenti,
416 314 470 366 vini,
487 313 530 358 olei
549 330 618 359 sermo
639 316 677 360 est.
709 315 750 358 Hie
771 328 820 357 cum
835 314 921 357 Levitae
937 313 971 356 ita

74 390 274 440 commemorentur,
290 389 315 430 ut
331 387 399 444 epulis
414 389 503 431 tantum
519 387 626 440 intersint,
642 402 670 431 ne
686 387 727 445 ipsi
743 387 830 445 quidem
846 386 889 430 iani
900 401 970 430 sacer--

73 461 159 504 dotibus
175 461 273 505 decumas
289 461 375 504 reddere
391 460 478 508 debent
510 460 580 514 Quare
596 461 685 504 decuma
700 476 739 518 pro
756 459 900 504 sacerdotibus
916 460 970 502 abo-

72 534 112 577 lita
127 537 164 578 est.

135 599 215 661 Quarto
232 607 331 651 decumae
347 610 544 651 commemorantur
560 607 590 651 Dt
607 611 641 660 14,
658 611 761 659 22-29,
777 607 816 650 ubi
835 605 860 649 de
875 607 923 665 lege
938 606 969 650 Dt

73 696 89 727 c.
107 684 134 727 12
151 680 260 736 complura
276 680 396 723 accuratius
413 680 589 725 constituuntur:
608 680 629 739 1)
646 679 669 723 Si
685 681 733 738 quis
748 680 836 738 longius
853 674 970 723 asaerario

73 754 138 810 abest,
156 769 220 811 quam
236 756 261 796 ut
276 753 388 796 decumam
404 753 517 797 commode
533 768 558 797 eo
576 753 655 806 afferat,
672 768 719 797 eam
735 753 794 797 demi
809 752 900 797 vendere
911 755 932 796 et
943 767 968 795 ex.

72 826 171 871 venditae
185 827 260 884 pretio,
277 826 351 870 addita
366 827 443 884 quinta
459 827 504 869 eius
520 830 588 883 parte,
604 840 688 870 sacrum
704 826 791 883 epulum
804 827 828 870 in
839 826 887 870 loco
899 825 970 869 cultus

73 900 141 944 divini
160 900 265 944 instruere
285 900 341 944 licet.
374 901 397 954 2)
414 900 485 943 Tertio
508 914 592 958 quoque
615 915 673 943 anno
689 900 778 943 decuma
793 915 839 944 nen
856 900 883 943 ad
898 915 968 942 sacra-

72 974 129 1016 rium
145 972 263 1025 deferenda,
280 972 316 1016 sed
332 972 430 1016 domiin
446 972 572 1016 convivium
588 972 734 1016 convertenda
750 975 787 1025 est,
803 973 830 1015 ad
846 972 904 1029 quod
915 988 970 1029 [11111-

72 1061 131 1103 peres
147 1045 269 1106 (peregrini,
285 1045 366 1098 viduae,
382 1045 467 1103 pupilli)
485 1047 507 1089 et
522 1045 609 1089 Levitae
625 1045 732 1089 invitandi
748 1049 821 1090 sunta

131 1113 214 1172 Quinto
231 1119 330 1162 decumae
346 1120 544 1161 commemorantur
560 1117 590 1161 Dt
601 1123 636 1171 26,
649 1122 744 1167 12—15.
766 1120 881 1171 Hebraeus,
898 1119 915 1162 si
931 1119 969 1161 de-

73 1208 157 1236 cumam
172 1191 203 1235 Dt
219 1196 254 1244 14,
270 1195 299 1239 28
311 1206 326 1236 s.
342 1193 477 1248 praeceptam
494 1191 558 1235 tertio
574 1207 632 1235 auno
649 1191 771 1244 reddiderit,
788 1191 812 1235 in
833 1192 881 1235 loeo
898 1192 970 1235 cultus

72 1266 140 1309 divini
159 1265 302 1322 precationem
322 1264 393 1316 faciat,
410 1263 471 1307 cuius
491 1263 587 1308 formula
607 1264 638 1308 Dt
654 1268 689 1317 26,
708 1268 797 1313 13—-15
819 1264 904 1322 legitur.
936 1264 969 1307 Ex

72 1340 132 1382 textu
148 1334 251 1382 Hebraico
268 1352 315 1380 eam
330 1337 476 1394 precationem
493 1337 562 1381 dicere
573 1336 641 1391 debet,
653 1337 671 1381 si
684 1338 756 1386 aaran
769 1337 808 1387 ult>
821 1328 904 1387 utlb'llu
916 1336 970 1387 attia

72 1426 128 1455 εικκο
144 1412 204 1455 tertie
220 1411 241 1471 (i.
257 1410 283 1471 e.)
300 1425 357 1455 ακιιο
373 1412 473 1455 decumae
489 1410 621 1467 pauperibus
638 1413 659 1454 et
674 1410 755 1454 Levitis
771 1410 881 1455 decumam
897 1411 967 1454 reddi-

72 1485 137 1537 derit;
157 1499 184 1527 ex
200 1483 258 1527 LXX
278 1483 438 1540 interpretibus,
458 1483 477 1527 si
497 1485 518 1530 ἐν
535 1495 563 1545 τῷ
579 1486 619 1531 ἐ’τει
635 1495 662 1544 τῷ
679 1490 738 1545 τρίτῳ
755 1491 777 1531 τὸ
794 1489 885 1545 δευτερον
902 1487 969 1530 ἐπιδέ-

73 1576 135 1605 κατον
151 1556 279 1614 pauperibus
295 1559 317 1599 et
332 1556 411 1600 Levitis
427 1555 551 1602 reddiderit.
573 1555 647 1600 Graeci
662 1556 731 1613 igitur
746 1556 887 1601 Alexandrini
902 1557 969 1601 tertio

73 1645 158 1688 quoque
174 1645 231 1674 anno
248 1629 352 1686 duplicem
368 1629 485 1679 decumam,
502 1632 524 1673 et
539 1629 614 1672 tritam
628 1632 649 1673 et
660 1629 771 1676 decumam
781 1630 910 1686 pauperibus
920 1629 970 1673 red*

72 1703 169 1757 dandam,
186 1703 327 1760 distinguunt.

132 1778 163 1820 Ea
183 1778 293 1834 praecepta
313 1791 359 1819 non
380 1776 454 1819 omnia
475 1775 502 1818 ab
524 1775 599 1819 eodem
619 1776 693 1834 legum
709 1778 795 1819 auctore
810 1769 907 1834 profecta
923 1791 969 1819 esse

71 1864 134 1907 posse
149 1849 287 1893 manifestum
297 1851 334 1893 est.
356 1850 431 1893 Aetate
443 1849 512 1895 Mosis
523 1851 544 1892 et
555 1849 603 1893 vive
615 1849 683 1893 desua
694 1849 780 1893 Levitae
796 1850 852 1907 apud
862 1851 966 1907 populum

72 1924 96 1966 in
115 1938 196 1980 magno
217 1926 278 1967 erant
297 1922 387 1977 honore,
403 1925 473 1967 aetate
493 1922 590 1966 iudicum
609 1937 683 1966 eorum
699 1923 816 1967 auctoritas
830 1923 967 1967 vehementer

71 1996 131 2053 lapsa
146 1999 196 2048 erat,
212 1999 234 2040 et
249 2011 297 2039 cum
313 1996 382 2040 cultus
397 1996 509 2055 legitimus
525 1996 569 2039 iam
584 2011 631 2039 non
642 1999 780 2049 exerceretur,
792 1997 870 2041 solutio
882 2013 969 2055 quoque

72 2069 208 2112 decumarum
228 2069 386 2126 neglegebantur.
418 2069 495 2126 Itaque
516 2069 539 2116 ll,
561 2068 586 2111 de
602 2069 761 2112 Hammelauer
776 2069 832 2128 (Bae
847 2069 883 2123 VI,
902 2075 967 2122 1901,

72 2142 170 2201 13-24)
188 2141 295 2185 existimat
314 2141 371 2200 leges
387 2141 553 2186 Deuteronomii
574 2141 600 2184 de
621 2142 716 2185 decumis
736 2157 762 2184 ex
778 2144 847 2186 aetate
863 2142 968 2187 Samuelis

71 2215 195 2259 manavisse.

133 2288 186 2332 Cum
201 2287 224 2331 id
240 2290 342 2346 ageretur,
358 2290 383 2330 ut
399 2288 459 2331 varia
475 2287 501 2330 de
518 2287 613 2331 decumis
628 2292 740 2346 praecepta
758 2289 789 2332 ita
805 2288 968 2346 explicarentur„

70 2363 95 2405 ut
116 2361 173 2405 inter
195 2375 217 2403 se
239 2363 387 2418 congruerent,
404 2361 513 2405 sententia
535 2361 619 2405 exstit't
640 2361 746 2418 triplicem
768 2362 833 2405 fuisse
849 2362 965 2410 decumam,

71 2433 139 2488 Quam
154 2434 198 2477 iam
214 2433 258 2477 'lbb
276 2438 294 2486 1,
312 2439 351 2481 ἵε,
368 2435 496 2487 invenimus,
517 2434 555 2477 ubi
572 2432 647 2478 Graeci
662 2434 804 2479 Alexandrini
825 2435 902 2480 diserte
922 2439 967 2479 tres

70 2508 168 2551 decumas
184 2509 320 2550 enumerant:
338 2508 380 2570 Τὴν
396 2512 485 2569 δεκάτην
502 2510 587 2560 ἐδίδουν,
603 2507 676 2565 inquit
691 2509 774 2561 Tobiae,
791 2520 833 2562 τοῖς
848 2510 898 2562 υἱοῖς
913 2512 966 2556 Λευὶ

70 2590 110 2632 τοῖς
126 2584 273 2640 θεραπεύουσιν
285 2583 318 2631 ἐἰς
334 2580 476 2642 Ἱερουσαληρ,
493 2586 529 2627 καί
546 2586 582 2641 τὴν
596 2584 691 2641 δευτέραν
702 2585 789 2642 δεκάτην
801 2583 968 2643 απεπρατιίῖάρην

69 2659 104 2700 καί
120 2655 245 2716 ἐπορευόμην
261 2658 297 2700 καὶ
313 2653 417 2701 ἐδαπάνων
433 2653 486 2700 αὐτά
502 2655 523 2699 ἐν
535 2653 690 2715 Ἱεροσολυμοις
706 2655 759 2701 καθ’
770 2656 857 2702 ἕκαστον
870 2658 966 2711 ἐνιαυτόν,

69 2732 103 2773 καί
119 2734 155 2789 την
172 2733 239 2788 τρίτην
256 2728 333 2773 ἐδίδουν
344 2727 374 2778 οἷς
384 2731 481 2788 καδηκει.
502 2726 559 2770 Item
570 2726 675 2785 Vulgata3
686 2743 737 2771 nam
748 2742 797 2771 cum
807 2744 827 2775 v.
838 2733 874 2776 fis.
885 2728 967 2785 primae·

69 2802 90 2843 et
105 2800 180 2844 tertiae
196 2800 296 2844 decumae
312 2799 393 2843 mentio
409 2799 453 2850 fiat,
470 2799 565 2843 secunda
585 2814 671 2857 quoque
691 2800 785 2857 ponitur.
817 2800 887 2844 Etiam
903 2800 966 2844 dose=

67 2872 123 2930 plius
139 2873 178 2916 AJ
193 2878 213 2925 4,
234 2879 252 2921 8.
273 2878 302 2921 22
323 2876 366 2917 tres
387 2872 486 2916 decumas
507 2874 672 2916 commemorat:
694 2874 745 2927 Ταῖς
765 2878 788 2920 δὲ
808 2879 901 2926 δεκάταις
922 2884 966 2925 ταῖς

68 2950 129 3002 δυσὶν,
145 2950 170 2998 ἃς
186 2949 244 2999 ἔτους
260 2948 349 2995 ἑκάστου
365 2957 459 3006 προεῖπον
474 2951 545 2998 τελεῖν,
557 2951 593 3007 τὴν
605 2952 640 3008 μὲν
651 2956 694 2999 τοῖς
705 2948 807 3000 Λευίταις,
818 2953 854 3009 τὴν
865 2948 883 2993 δ’
895 2948 967 3007 ἑτέραν-

68 3026 118 3080 πρὸς
139 3025 175 3072 τὰς
196 3020 291 3081 εὐωχίας,
307 3024 374 3081 τρίτην
395 3027 446 3079 πρὸς
467 3019 538 3073 αὐταῖς
559 3025 652 3066 κατὰτὸ
669 3022 715 3073 ἔτος
732 3024 797 3079 τρίπον
814 3026 920 3080 συμφέρειν
937 3021 966 3072 εἰς

67 3096 183 3155 διανέμησιν
198 3104 236 3141 των
253 3098 386 3145 σπανιζόντων
402 3096 478 3151 γυναιξὶ
494 3111 516 3138 τε
531 3099 607 3154 χήραις
623 3099 658 3141 καί
674 3098 734 3139 πασίν
756 3093 858 3154 ὀρφανοῖς.
889 3094 966 3137 Hiero*

66 3180 145 3221 aymus
161 3181 245 3224 queque
261 3166 368 3223 triplicem
384 3166 497 3209 decumam
514 3166 640 3224 distinguit3
661 3182 714 3210 nam
736 3168 850 3224 post-quam
866 3166 890 3210 iu
906 3181 966 3210 com-
