2165 3388
138 82 183 127 340
431 79 478 115 Ρ666
490 78 504 115 l.
526 78 658 126 Antiquitates
671 90 736 116 sacrae

138 200 193 258 legis
204 202 271 262 (Hebr
283 205 301 252 9,
314 204 350 259 19)
365 203 396 244 661
407 201 467 258 quasi
482 201 577 260 sigillum
588 201 698 246 sollemnis
709 201 769 246 illius
779 201 930 259 professionis3
947 202 1039 260 sanguis
1078 193 1080 195 .

139 274 166 318 ad
181 275 285 331 populum
300 289 372 318 versus
388 289 473 331 sparsus
489 277 521 319 est
536 274 615 333 pignus
631 277 751 333 gratiarum
762 275 895 327 divinarum3
912 276 1001 334 sanguis
1012 276 1036 319 16

140 348 206 391 611666
221 347 299 390 effusus
315 350 380 404 typus
396 348 478 391 exstitit
493 348 642 405 promissionis
653 349 736 393 Jahvae
753 363 775 392 se
792 349 897 392 auxilium
913 349 974 406 genti
985 364 1039 393 suae·

139 420 268 477 largiturum
279 435 328 463 esse.
360 409 428 465 Simul
444 424 516 465 autem
531 422 599 466 effuso
616 422 723 480 sanguine
739 422 859 479 significari
875 421 964 476 videtur,
980 423 1035 466 sicut

139 493 227 550 sanguis
237 493 374 537 victimarum
387 495 466 539 effusus
478 497 499 539 et
510 510 682 553 quoquoversum
693 496 806 552 adspersus
818 495 852 549 611,
865 496 896 539 116
907 496 1039 554 quicumque

139 565 213 609 foedus
224 566 310 623 ruperit,
332 582 381 611 eum
397 568 496 612 similiter
514 569 578 613 etiam
593 584 657 612 suum
673 568 803 627 sauguinem
819 568 974 612 effundendum
990 584 1034 613 esse

139 638 269 697 intellegere.
295 640 389 685 Vocatur
404 645 466 691 111Ἶέ16
483 643 612 699 6166669616
628 641 722 697 foedaris
740 642 753 688 i.
768 657 785 685 6.
798 642 892 698 sanguis,
909 656 952 699 quo
968 642 1039 686 611666»

100 718 102 723 “
139 712 214 756 foedus
230 716 327 757 sanetum
343 717 380 768 661,
397 718 483 773 eratque
499 719 563 772 typus
579 715 692 771 sanguinis
704 715 785 759 Christi
796 714 820 758 in
832 729 892 758 cruce
908 715 974 768 effusi,
991 730 1038 772 quo·

139 788 198 830 totus
218 787 312 830 mundus
332 787 434 841 abluitur,
455 788 609 840 666611166166,
630 803 680 831 oum
700 787 740 831 deo
762 787 903 845 coniungitur
926 787 960 848 (61.
977 788 1038 831 Hebr

140 863 160 912 6,
178 860 282 920 66-66).

200 972 315 1018 Aduototio.
336 999 365 1004 --
385 976 452 1016 Etiam
470 977 492 1016 in
512 976 600 1028 epistula
619 976 645 1016 ad
661 976 763 1016 Hebraeos
781 983 800 1024 9,
819 982 901 1019 19-20
919 977 959 1028 quc
975 974 1038 1015 modo·

140 1036 211 1077 foedus
231 1036 286 1076 inter
307 1036 386 1077 Jahven
408 1038 429 1077 et
450 1039 532 1089 gentem
553 1037 673 1077 Hebraicam
695 1037 830 1079 constitutum
853 1036 884 1086 sit,
907 1036 1038 1077 describitur.v

139 1098 260 1148 Discrepant
276 1099 342 1137 tamen
358 1110 386 1146 66,
408 1111 460 1149 quae
476 1098 507 1139 hic
527 1098 630 1151 leguntur,
651 1098 800 1146 enarratione,
822 1111 883 1149 quam
904 1097 956 1137 liber
971 1096 1035 1137 Exodi

140 1158 235 1199 66611661.
264 1158 296 1198 Ibi
312 1159 366 1199 enim
382 1158 496 1199 holocausta
511 1160 594 1199 tantum
611 1161 631 1199 61
647 1159 744 1200 sacrificia
759 1159 862 1210 pacificae
874 1158 944 1199 vitulis
960 1169 1035 1197 memo-

140 1221 218 1268 rantur,
239 1219 272 1259 1616
292 1219 353 1259 etiam
374 1218 476 1260 hircorum
495 1220 519 1259 fit
538 1220 624 1269 mentio;
645 1233 707 1272 porro
730 1220 763 1259 hie
784 1220 866 1272 sanguis
887 1225 939 1270 aqua
959 1219 1037 1259 mixtus

140 1280 214 1320 dicitur
230 1282 290 1331 atque
306 1280 353 1320 1666
368 1281 458 1321 66661666
472 1277 596 1336 (symbolum
611 1277 674 1337 ritae)
692 1282 712 1321 et
728 1281 828 1333 hyssopus
847 1278 970 1336 (symbolum
986 1293 1035 1331 pur-

139 1338 235 1396 gationis)
252 1343 444 1391 commemorantum
460 1342 548 1393 denique
558 1342 590 1382 hie
604 1342 664 1382 etiam
681 1342 733 1382 liber
749 1341 800 1394 legis
816 1341 915 1394 sanguine
931 1341 1036 1392 adspersus

139 1414 180 1442 esse
200 1402 318 1453 perhibetur
333 1425 363 1431 —
379 1402 404 1443 de
424 1402 499 1454 quibus
521 1402 615 1443 omnibus
635 1403 690 1455 apud
707 1403 777 1442 Mosen
796 1402 849 1442 nihil
870 1403 976 1454 reperitur.
1003 1402 1036 1440 Ad

139 1463 187 1503 haec
207 1462 264 1503 facile
284 1462 405 1514 respondere
425 1458 530 1515 possumus
551 1465 664 1515 apostolum
683 1463 760 1516 partim
783 1463 858 1504 famam
879 1464 970 1503 secutum
987 1475 1036 1510 6666,

140 1524 197 1564 velut
208 1524 232 1563 de
247 1523 295 1563 libri
310 1524 360 1576 legis
376 1524 507 1575 adspersione,
523 1524 598 1577 partini
615 1538 639 1564 ex
655 1524 699 1564 aliis
710 1525 845 1564 Pentateuchi
860 1523 914 1573 16616,
931 1523 967 1564 uhi
982 1523 1039 1562 ritus

141 1585 192 1625 66661
208 1584 355 1633 describuntur,
372 1585 461 1625 hausisse
477 1582 543 1639 (velut
558 1598 581 1625 ex
597 1585 626 1626 Lv
644 1593 661 1634 1,
682 1593 707 1628 10
725 1586 805 1625 6666161
820 1585 845 1625 ad
861 1585 978 1625 holocausta
993 1597 1035 1624 666

140 1645 199 1686 modo
215 1645 297 1695 vitulos,
317 1658 389 1686 uerum
405 1646 466 1686 etiam
482 1646 547 1686 hireos
567 1646 667 1686 adhibitos
683 1638 737 1694 esse;
759 1645 784 1686 de
801 1659 858 1697 aque,
875 1646 921 1685 1666
938 1645 1035 1694 66661666,

141 1707 225 1759 hyssopo
241 1706 355 1747 conferendi
372 1708 419 1747 6661
435 1707 472 1747 1661
487 1706 518 1747 Lv
536 1713 568 1755 14,
587 1713 597 1749 2
611 1719 637 1747 ss.
654 1713 682 1749 49
695 1720 720 1749 ss.
738 1707 778 1746 Nm
797 1713 829 1755 19,
848 1714 866 1749 6.
885 1714 911 1750 17
921 1704 950 1761 s),
967 1706 1035 1746 omnia

140 1769 210 1807 autem
231 1767 277 1807 haec
297 1766 397 1817 6611661666,
417 1770 443 1808 61
462 1767 618 1819 splendidiorem
635 1768 697 1807 huius
716 1768 860 1808 sollemnitatis
877 1767 1035 1818 descriptionem

140 1828 247 1868 exhiberet.

201 1947 236 1993 ΙΙ.
252 1946 382 1991 Sacrificium
403 1947 537 1990 iuvencae
556 1946 711 1990 subrubrae
730 1947 795 2006 (appu
811 1945 878 2006 61611
894 1948 939 1990 6661
955 1946 1038 2002 species.

141 2019 238 2063 sacrificii
253 2034 292 2076 pro
308 2022 416 2076 peccato2,
433 2021 468 2063 oui
484 2019 506 2063 id
521 2020 634 2077 proprium
650 2022 702 2072 erat,
719 2021 744 2062 ut
760 2021 808 2062 tota
818 2019 906 2062 61611666
923 2018 1034 2062 666616666-

140 2094 198 2136 66166
214 2095 235 2136 61
250 2092 375 2136 saorifioatio
396 2094 456 2137 extra
477 2095 547 2136 castra
562 2093 596 2137 661
610 2093 686 2136 urbem
703 2093 770 2136 fieret.
800 2091 946 2149 ‘Peragebatur
962 2095 1037 2134 autem

140 2165 182 2209 hoc
201 2161 277 2210 modo:
300 2166 392 2210 1666666
413 2166 518 2210 subrubra
538 2167 559 2209 et
579 2167 626 2210 61111
649 2180 724 2222 expers
747 2165 854 2225 (1611613,
882 2180 936 2222 quae
958 2164 1034 2222 iugum

140 2239 237 2283 nondum
257 2242 403 2297 6661666614,
425 2256 438 2282 6
458 2239 567 2283 sacerdote
590 2239 693 2300 (Eleazar)
716 2241 778 2282 extra
800 2241 870 2282 666166
894 2238 1035 2298 mactabatur,

140 2312 228 2370 sanguis
244 2312 288 2356 eius
299 2312 375 2369 septies
386 2313 413 2356 ad
424 2313 539 2357 sacrarium
550 2328 623 2357 versus
635 2313 783 2370 spargebatur,
801 2311 851 2355 dein
866 2312 938 2355 totum
954 2309 1035 2353 animal

141 2386 198 2445 (cum
213 2384 268 2441 pelle
285 2387 306 2428 et
321 2386 381 2446 fimo)
398 2389 443 2429 und
458 2401 507 2429 cum
522 2386 584 2442 ligno
602 2385 695 2438 66616166,
713 2385 814 2442 hyssopo,
832 2399 894 2428 66666
911 2398 1034 2427 666666666-

140 2457 209 2511 batur,
226 2458 278 2501 ciuis
289 2474 301 2501 a
312 2458 357 2503 6166
368 2458 449 2503 mundo
461 2459 604 2515 colligebatur
615 2461 679 2516 atque
689 2459 713 2501 16
729 2458 777 2501 1666
794 2457 890 2515 quodam
904 2472 958 2513 puro
975 2461 1037 2499 entra

140 2533 210 2575 castra
225 2530 266 2573 sito
283 2531 436 2596 asservabatur,
452 2533 477 2574 ut
493 2530 519 2574 ad
536 2530 692 2575 conficiendam
708 2545 788 2589 uquam
799 2532 925 2574 1661661665
941 2530 1035 2580 serviret,

140 2618 183 2661 qua
193 2602 209 2646 ii
220 2591 367 2659 expiabantur,
384 2604 421 2661 qui
431 2605 518 2661 propter
528 2604 689 2647 immunditiam
700 2618 711 2646 6
723 2599 824 2648 66616616
839 2603 920 2647 mortui
935 2602 1034 2646 haustam

139 2692 152 2720 a
168 2676 295 2720 commercio
312 2676 404 2720 aliorum
420 2677 580 2733 separabantur.
608 2675 649 2730 Qui
665 2676 778 2721 iuvencam
795 2675 863 2730 duxit,
879 2676 977 2721 sacerdos
993 2677 1034 2719 im-

139 2749 224 2793 molans
245 2751 309 2807 atque
324 2749 389 2792 homo
405 2749 486 2793 6166666
503 2749 608 2808 colligens
623 2752 645 2793 et
660 2751 751 2807 portans
767 2749 876 2794 immundi
891 2752 954 2794 erant
968 2764 1037 2807 usque

140 2823 166 2866 ad
188 2811 306 2880 vesperam,
329 2822 378 2879 quia
400 2823 490 2866 iuvenca
511 2838 550 2879 pro
573 2825 661 2879 peccato
683 2823 799 2866 combusta
821 2825 857 2866 est.
880 2851 911 2857 —-
935 2822 979 2867 Nm
1000 2826 1034 2874 19,

140 2900 220 2944 2-10,
243 2895 311 2938 Tract.
328 2894 383 2938 Para
399 2895 431 2957 (M
446 2895 483 2948 Vr,
499 2896 528 2955 4).
554 2895 599 2939 Jos.
614 2895 649 2939 AJ
665 2899 685 2949 4,
702 2900 722 2943 4.
739 2900 759 2943 6.
785 2895 1033 2940 Ρ1611.1)666661116661

139 2984 187 3027 opp.
204 2968 232 3022 11,
249 2971 293 3017 252
304 2984 320 3011 6.
709 2987 711 2990 ’

202 3070 261 3104 1·Ἣῦ
276 3083 318 3109 666
334 3073 375 3110 1666
392 3072 423 3111 661
439 3083 496 3111 66666
512 3083 574 3122 quam
590 3072 677 3123 1666666,
696 3083 748 3121 quae
759 3071 844 3111 tertium
856 3084 932 3111 aunum
943 3071 1035 3111 nondum

138 3132 297 3184 transcenderat
315 3131 409 3189 δάμαλις,
427 3134 450 3171 ut
467 3132 536 3172 Graeci
552 3131 683 3172 Alexandrini
699 3132 755 3171 recte
771 3132 862 3172 6661661,
