2165 3388
120 106 163 167 [308
400 115 446 153 Pars
454 116 482 153 ll.
504 115 636 162 Antiquitates
648 114 735 162 privatae
750 144 752 147 ,

179 241 351 284 Litterarum
367 237 549 283 monumenta
564 239 711 283 Hebraeorum
726 253 772 282 non
787 237 838 281 inde
854 237 945 290 demum,
968 252 1015 281 cum

119 328 172 373 gens
188 313 292 357 Hebraica
309 327 334 357 ex
350 313 451 371 Aegypto
467 312 605 369 proficiscens
626 327 639 355 a
655 312 694 356 deo
710 327 749 354 sua
764 325 817 368 gens
833 311 899 355 electa
915 313 952 364 est,
973 310 1017 361 ini-¹

119 390 172 431 tium
189 386 283 444 capiunt,
304 386 342 429 sed
357 400 384 429 ex
401 387 465 429 certis
481 386 578 444 vestigiis
594 402 607 431 a
621 385 755 443 temporibus
770 384 938 441 patriarcharum
954 398 1014 440 repe-

118 459 184 504 tenda
200 465 257 503 suut.
284 460 311 502 In
327 458 398 516 primo
415 459 470 502 libro
482 458 548 503 lllosis
563 474 609 504 non
619 459 690 502 solum
706 473 735 510 ea,
753 472 807 516 quae
824 472 850 501 ex
861 457 1015 515 antiquissimis

118 533 253 591 temporibus
269 533 294 576 de
310 531 433 590 originibus
445 531 617 592 (Urgeschiclite)
633 531 717 589 generis
728 530 819 574 lrumani
835 546 932 575 sermone
943 531 1014 574 homi-

118 622 171 650 num
188 605 279 663 posteris
294 604 381 655 tradita,
402 604 440 648 sed
456 604 522 648 etiam
537 620 567 657 ea,
588 620 642 662 quae
659 607 708 648 ante
724 603 800 648 Mosen
820 604 897 647 litteris
913 603 1015 649 mandata

119 682 174 732 sunu,
196 678 311 722 memoriae
327 679 461 735 produntur;
483 678 536 722 baec
556 679 675 735 posteriora
695 677 829 734 patriarchae
851 677 885 721 rel
905 677 946 733 ipsi
966 691 1015 733 per-

119 753 227 809 scripsisse
242 751 276 796 vel
292 751 336 795 iam
351 752 375 796 in
393 751 500 796 Chaldaea
514 751 585 809 patria
600 752 719 808 perscripta
734 750 839 807 accepisse
850 751 956 795 videntur.
974 749 1018 793 Sed.

119 829 194 870 auctor
209 825 333 869 litterarum
348 827 543 869 monumentorum
554 825 701 886 Hebraeorum
718 824 788 867 Moses
804 823 959 867 existimandus
976 827 1015 876 est,

119 899 156 957 qui
171 898 199 943 iis
214 899 282 952 libris,
297 899 341 956 'qui
357 898 390 942 ab.
407 899 452 942 eius
467 899 557 942 nomine
573 897 714 954 appellantur,
735 897 877 941 fundamenta
893 897 1015 940 litterarum

119 987 228 1017 sacrarum
241 959 408 1030 gentisdah'vae
419 972 497 1028 posuit,
519 970 560 1024 Qui
575 971 782 1027 rerum‘scriptores,
800 973 881 1027 poetae,
897 970 1015 1027 prophetae

118 1048 194 1103 postea
209 1046 345 1098 exstirerunt,
362 1045 378 1088 ii
395 1045 470 1088 omnes
487 1044 531 1088 eius
546 1044 638 1102 vestigia
649 1044 717 1088 secuti
732 1047 783 1088 sunt
799 1046 863 1101 atque
877 1060 933 1102 ‘quae
944 1044 1015 1087 bloses

118 1118 234 1171 incohavit,
246 1119 387 1162 excoluerunt
396 1116 581 1174 perfeceruntqua
598 1117 732 1163 dumDavicl
746 1119 767 1161 et
777 1117 1015 1175 Salomoregnantibus

118 1196 237 1249 poetarum,
258 1206 317 1235 nono
339 1197 411 1235 autem
427 1191 690 1248 saeculo'propbeta'rum'
702 1205 766 1248 opera
786 1191 813 1234 ad
829 1206 937 1234 summum
952 1190 1014 1234 fasti-

119 1266 179 1323 gium
194 1268 346 1322 pervenerunt.
365 1264 413 1309 Sed
434 1280 482 1308 cum
502 1265 570 1322 pietas
592 1279 704 1322 moresque
724 1265 799 1322 populi
819 1265 887 1323 magis
903 1266 1015 1323 magisque

119 1340 310 1395 corrumperentur,
319 1341 352 1381 ut
367 1340 476 1396 postremo
487 1338 567 1382 'exsilio
578 1339 710 1390 multaretur,
721 1338 810 1382 'litterae
826 1354 896 1383 sacrae
907 1340 1014 1384 Hebraeo-

118 1427 166 1455 rum
183 1427 209 1455 ex
225 1411 263 1456 illo
280 1411 369 1469 fastigio
382 1411 458 1455 delabi
470 1412 596 1468 coeperunt
613 1412 662 1455 dum
680 1412 736 1456 cirea
747 1427 829 1455 annum
845 1428 862 1455 a.
875 1412 911 1458 eh.
923 1428 944 1458 n.
961 1429 1014 1470 qua-

119 1485 313 1543 dringentesimum
329 1484 404 1543 earum
420 1485 470 1528 finis
486 1485 535 1536 fuit,
551 1487 703 1542 postquamet
713 1485 830 1542 prophetae
843 1486 948 1530 exstincti
963 1490 1015 1530 sunt

118 1560 140 1601 et
160 1558 349 1616 antiqua'lingua
368 1558 474 1602 Hebraica
495 1558 582 1602 interiit.
612 1558 669 1601 Nam
691 1561 821 1616 quamquam
844 1560 908 1604 etiam
932 1574 1014 1603 canone

119 1632 223 1675 Hebraico
240 1646 350 1675 sacrarum
365 1631 488 1676 litterarum
507 1631 607 1675 confecto
622 1634 650 1676 ec
671 1633 769 1676 absoluto
791 1633 844 1676 varii
864 1632 914 1676 libri
935 1633 1014 1690 partim

118 1705 194 1762 lingua
210 1705 316 1748 Hebraiea
337 1705 371 1749 vel
388 1704 508 1757 Aramaica,
529 1705 655 1762 plerumque
676 1713 747 1748 autem
764 1705 854 1749 dialecto
874 1705 1013 1760 eradicem,

119 1793 183 1836 quam
199 1785 268 1839 κοινήν
284 1781 370 1830 uocant,
387 1777 504 1834 conscripti
520 1781 542 1820 et
556 1777 578 1829 ii,
595 1776 631 1834 qui
648 1777 675 1820 ad
691 1777 817 1835 religionem
832 1779 974 1834 pertinebant,
990 1780 1014 1822 iu

118 1851 239 1895 versionem
255 1846 426 1894 Alexandrinam
442 1849 521 1894 veteris
537 1850 661 1894 testamenti
677 1851 757 1907 recepti
773 1853 829 1903 sunt,
851 1852 924 1895 tamen
940 1867 1013 1895 eornm

118 1924 224 1967 librorum
245 1924 359 1981 scriptores
380 1938 450 1967 sacras
466 1924 548 1967 litteras
569 1920 709 1981 antiquorum
724 1924 870 1968 Hebraeorum
889 1924 947 1968 baud
966 1924 1013 1968 feli-

119 1997 170 2041 citer
187 1998 290 2041 aemulari
306 1997 446 2042 existimandi
462 1999 513 2040 suut
523 2002 537 2040 ².
580 2043 582 2049 ,

183 2112 191 2139 1
207 2111 264 2151 Unde
281 2112 403 2152 vocabulum
421 2097 469 2156 bele
485 2111 573 2150 'retronea
589 2110 698 2151 deseendit.
718 2113 744 2151 rs
756 2117 815 2164 40,8
832 2113 894 2154 verba
910 2099 1013 2157 ffee'flblb

118 2173 206 2212 ceruam
222 2172 268 2211 libri
284 2172 309 2211 de
325 2172 394 2213 codiee
410 2172 461 2224 legis
472 2174 605 2222 usurpantur.
626 2170 694 2222 Atque
710 2172 782 2212 Judaei
799 2174 860 2213 etiam
876 2186 931 2213 nunc
947 2174 1013 2225 legem

118 2233 209 2273 divinam
229 2246 270 2273 non
287 2233 354 2273 solum
376 2234 397 2271 in
414 2233 480 2280 libris,
502 2234 538 2283 qui
558 2232 641 2285 vulgata
657 2233 720 2273 forma
741 2246 764 2272 er
780 2234 834 2274 foliis
850 2235 945 2274 mollibus
968 2247 1013 2275 con-

119 2295 181 2344 stant,
204 2294 238 2333 sed
259 2294 322 2334 etiam
343 2295 364 2333 in
386 2294 478 2346 oblongis
498 2294 628 2343 membranis,
652 2307 704 2345 quae
726 2308 749 2334 er
771 2308 826 2336 more
847 2296 932 2347 antiquo
954 2308 1014 2347 super

118 2355 234 2407 cylindrum
250 2355 342 2407 ligneum
359 2356 381 2394 in
398 2356 467 2395 orbem
484 2355 678 2404 circumvolvuntur,
695 2356 791 2407 scriptam
808 2357 888 2398 habent.

182 2429 190 2453 2
212 2428 339 2479 Quamquam
362 2429 387 2467 ab
411 2428 560 2479 antiquissimis
583 2428 709 2479 temporibus
731 2429 870 2470 Hebraeorum
891 2430 943 2470 nulli
965 2430 1014 2469 libri

117 2492 199 2541 praeter
215 2502 281 2529 sacres
298 2490 323 2529 ad
340 2491 432 2529 nostram
448 2491 535 2529 aetatem
551 2491 688 2540 pervenerunt
704 2491 780 2544 quique
796 2504 833 2542 pro
849 2491 926 2531 talibus
942 2491 1013 2533 vendi·

117 2552 195 2600 tantur‚
213 2550 341 2602 suppositicii
357 2552 412 2598 sunt,
434 2552 503 2589 tamen
519 2550 606 2590 dubium
625 2564 667 2590 non
683 2552 718 2599 est,
741 2552 792 2602 quin
808 2553 920 2603 complures
937 2552 972 2592 alii
988 2552 1013 2590 ab

118 2611 217 2651 Hebraeis
238 2612 348 2663 conscripti
369 2611 412 2650 sint
433 2611 486 2667 (Kolr
508 2617 541 2659 12,
564 2608 607 2667 12).
638 2612 656 2650 A
677 2612 810 2663 scriptoribus
831 2613 912 2653 biblieis
934 2614 1014 2665 praeter

118 2673 208 2720 „librum
224 2672 326 2714 bellorum
343 2672 433 2712 Jahvee‘
455 2675 475 2712 et
491 2672 581 2720 „librum
597 2672 712 2713 'iustorum‘
733 2673 832 2724 imprimis
850 2675 962 2726 complures
978 2687 1014 2713 an-

118 2734 173 2773 nales
189 2734 247 2786 regui
258 2734 449 2781 commemorantur,
466 2734 563 2785 equibus
580 2746 607 2784 ea,
624 2747 675 2785 quae
691 2734 713 2773 in
729 2734 791 2774 sacris
801 2735 878 2776 litteris
895 2735 920 2775 de
930 2735 1014 2787 regibus

118 2795 226 2834 memoriae
242 2795 364 2847 produntur,
382 2795 502 2846 deprompta
518 2807 560 2834 esse
576 2795 678 2838 ridentur.
703 2795 745 2835 Nec
761 2795 852 2835 dubitari
867 2798 940 2848 potest,
963 2796 1014 2848 quin

119 2856 143 2895 ad
161 2856 190 2895 rei
206 2855 317 2895 litterariae
337 2856 487 2895 incrementum
509 2868 550 2895 non
567 2856 632 2895 solam
653 2856 838 2896 bibliothecae
860 2858 955 2909 privatae,
978 2856 1012 2896 sed

117 2917 179 2956 etiam
195 2917 289 2968 publicae
305 2917 414 2956 institutae
425 2917 466 2956 sint
483 2913 516 2972 (ef.
532 2917 570 2956 Esr
582 2924 600 2964 (ἱ,
614 2913 640 2972 1),
658 2917 715 2957 cuius
730 2918 792 2957 moris
807 2918 893 2970 vestigia
908 2919 930 2958 in
940 2918 1013 2959 biblio-

117 2978 188 3026 theeis
205 2991 257 3028 quae
273 2981 339 3017 aetate
350 2978 463 3029 posteriore
480 2990 526 3016 cum
542 2978 649 3030 synagogis
665 2979 783 3018 coniunctae
799 2991 843 3019 esse
859 2979 955 3030 solebant,
972 2992 1012 3019 ser-

117 3041 164 3079 vata
181 3040 235 3080 sunt.
