2218 3388
136 115 166 159 40
429 109 475 148 Pars
488 111 502 147 l.
524 113 656 160 Antiquitates
669 125 732 151 sacrae
764 104 765 107 ¹

136 238 162 277 iis
173 238 255 288 aceedit,
272 237 378 290 diligenter
389 238 558 290 distinguendum
572 242 610 283 est.
636 240 712 280 Deinde
727 253 801 281 nomen
817 241 982 291 rrniuscuiusque
997 240 1028 280 rei

137 299 204 339 cultus
219 300 316 350 ratioque,
333 311 383 350 quae
400 299 418 339 ei
433 311 479 339 cum
490 300 549 341 cultu
563 301 659 342 universo
674 301 785 351 intercedit,
801 301 926 353 respicienda
942 304 992 342 sunt
1008 304 1029 342 et

137 361 154 400 si
170 360 214 401 eius
230 359 350 412 significatio
366 360 475 411 quaeritur,
497 361 521 400 ab
537 362 569 401 his
585 362 646 402 rebus
662 363 781 403 ordiendum
796 364 832 402 est.
864 363 916 402 Tum
936 362 1027 403 animad-

136 421 189 461 verti
204 423 288 479 oportet,
306 420 397 472 symbola
413 421 480 461 cultus
492 423 574 462 ltlosaici
590 425 671 464 tantum
686 424 726 463 tale
742 423 818 475 aliquid
834 423 946 476 significare
962 437 1027 474 posse,

137 481 191 534 quod
211 481 315 534 religionis
335 481 451 523 notionibus
468 496 490 522 ac
506 482 606 537 dogmatis
622 486 643 524 91
659 485 731 525 veteris
747 487 768 525 et
783 484 830 524 nori
846 483 963 524 testamenti
980 497 1027 524 con÷

136 543 209 583 veniat.
241 543 331 594 Denique
347 543 390 583 eius
407 543 436 583 rei
454 544 546 584 habenda
562 546 665 595 cetratis,
687 546 741 597 quod
757 545 836 597 singula
852 545 943 597 symbola
958 558 1027 594 unam,

136 616 177 644 non
193 604 261 655 plures
277 616 308 644 res
325 603 437 655 significare
452 608 544 656 possunt.

198 726 319 778 Styrcificotie
335 727 406 779 typica,
422 740 474 778 quae
484 727 554 768 formis
566 728 633 768 cultus
644 729 702 778 inest,
714 732 738 769 nt
748 727 864 779 reperiatur,
875 728 1027 779 respiciendum

136 789 168 827 est
183 799 263 827 neeesse
278 800 326 837 esse,
342 800 365 827 ea
380 788 402 828 in
418 787 563 840 significatione
579 789 690 841 symbolica
704 791 786 830 illarum
802 789 867 840 posita
883 789 992 839 sitneque
1009 790 1027 829 ei

137 850 243 900 repugnet.
269 847 345 888 Deinde
362 848 483 889 discriminis
499 848 556 889 illius
567 850 620 890 ratio
631 851 722 891 habenda
737 853 773 898 cst,
790 850 843 900 quod
854 850 963 890 intercedit
973 850 1028 890 inter

136 909 210 948 formas
227 910 295 950 cultus
306 909 379 949 veteris
394 910 511 950 testamenti
528 911 634 951 deinter
650 925 682 951 eas
698 925 729 952 res
745 913 765 951 et
780 910 874 960 actiones,
891 925 942 962 quae
959 924 1027 952 neces-

137 970 200 1010 sariae
215 972 273 1010 erant
289 970 313 1010 ad
329 983 414 1022 regnum
430 970 523 1011 divinum
538 972 567 1012 ita
583 973 732 1021 exstruendum,
752 973 776 1011 ut
792 984 837 1011 cum
853 974 913 1024 gente
928 971 1028 1012 Hebraica

137 1034 262 1083 congrueret,
284 1044 331 1071 cum
346 1034 414 1072 autem
429 1044 516 1083 regnum
532 1033 626 1073 divinum
642 1033 666 1073 ad
682 1046 749 1073 omnes
770 1034 839 1083 gentes
855 1032 984 1084 proferretur,
1002 1034 1027 1073 ob

137 1092 158 1132 id
174 1092 241 1144 ipsum
257 1092 341 1132 inutiles
357 1094 419 1141 erant,
436 1094 460 1132 ut
476 1105 519 1132 esse
531 1094 651 1144 desinerent,
668 1097 688 1135 et
703 1095 756 1134 inter
771 1093 876 1144 religionis
892 1094 985 1134 notiones
1001 1094 1027 1134 iis

138 1153 244 1201 subiectas,
261 1166 318 1204 quae,
336 1153 429 1203 quoniam
446 1153 471 1192 ad
486 1167 572 1206 regnum
584 1154 676 1194 divinum
686 1155 754 1207 ipsum
764 1153 871 1205 pertinent,
889 1154 955 1206 perire
966 1169 1026 1195 num-

138 1227 199 1264 quam
215 1216 307 1265 possunt.
334 1214 424 1266 Denique
440 1214 464 1254 de
480 1215 533 1266 typis
548 1215 622 1257 veteris
638 1216 753 1256 testamenti
769 1228 780 1253 a
797 1214 874 1255 Christo
891 1216 949 1256 etin
965 1229 1027 1268 regno

137 1275 205 1314 divino
222 1276 247 1315 ab
263 1288 286 1315 eo
303 1275 383 1315 condito
399 1275 514 1327 adimpletis
531 1276 680 1328 neglegendum
695 1277 787 1325 nonest,
805 1276 858 1326 quod
874 1277 896 1316 in
912 1276 975 1316 sacris
991 1277 1026 1316 lit-

137 1335 186 1375 teris
205 1336 252 1376 nori
274 1336 360 1375 foederis
382 1337 501 1388 pierumque
524 1350 565 1377 non
588 1350 666 1377 summa
688 1336 802 1389 adimpletio
825 1336 870 1389 typi
890 1338 913 1377 in
933 1337 1027 1389 antitypa

138 1397 289 1437 demonstratur
305 1399 326 1436 et
341 1397 395 1448 quod
411 1410 497 1450 regnum
513 1397 607 1438 divinum
622 1400 670 1439 novi
690 1398 804 1438 testamenti
823 1399 885 1437 etiam
904 1410 960 1438 nunc
980 1411 1027 1450 pro-

138 1457 191 1497 cedit
206 1459 267 1509 atque
282 1458 352 1497 futuro
369 1459 450 1499 demum
466 1460 557 1509 tempore
572 1458 688 1510 perficietur
704 1459 863 1510 absolveturque.

200 1542 227 1582 ef.
244 1543 262 1582 O.
274 1544 294 1583 F.
305 1544 369 1592 Keil,
386 1544 500 1584 Handbuch
511 1543 546 1583 der
556 1543 671 1584 biblisclien
681 1543 828 1595 Archaologie2
845 1549 945 1591 54—68;
962 1544 981 1584 0.
993 1545 1026 1584 Oh.

138 1603 168 1645 W.
184 1604 259 1653 Bahr,
277 1605 380 1655 Symbolik
395 1605 430 1645 des
445 1604 571 1644 mosaisclnen
588 1605 658 1644 Cultus
672 1605 693 1644 12
713 1610 805 1647 14-44.
823 1610 909 1647 73—94

198 1748 233 1795 ΙΙ.
251 1747 304 1792 Cum
314 1746 389 1805 religio
401 1746 495 1790 lllosaica
504 1745 564 1790 hand
579 1760 657 1803 paucas
673 1746 784 1803 opiniones
800 1746 894 1804 ritusque
911 1747 1028 1799 contiueat,

138 1822 215 1879 quibus
235 1822 315 1865 similes
331 1820 355 1863 in
370 1820 512 1878 religionibus
533 1822 651 1863 ceterarum
670 1820 768 1877 gentium
788 1819 876 1863 orientis
892 1819 978 1877 antiqui
993 1822 1028 1863 in-

137 1894 259 1939 ueniuntur.
276 1894 302 1938 ad
318 1893 340 1937 id
351 1908 435 1951 quoque
450 1892 606 1949 respiciendum
622 1894 659 1944 est,
676 1907 728 1950 quae
744 1893 838 1936 rationes
853 1893 910 1936 inter
926 1907 957 1944 ea,
973 1908 1029 1951 quae

138 1967 239 2025 religioni
255 1967 359 2011 Mosaicae
380 1981 428 2010 cum
448 1966 590 2023 religionibus
610 1964 724 2021 gentilium
744 1966 865 2008 communia
881 1968 938 2017 sunt,
959 1965 1028 2009 inter-

138 2041 225 2092 cedant3
241 2056 291 2084 nam
307 2040 387 2097 idque
403 2039 612 2090 mododiiudicetur,
628 2052 673 2081 non
689 2038 758 2082 solum
773 2038 800 2080 ad
816 2039 898 2082 cultum
909 2038 1029 2082 Mosaiourn

138 2115 261 2158 universum
282 2116 338 2157 recte
358 2113 520 2164 aestimandum,
541 2112 578 2156 sed
599 2111 663 2155 etiam
682 2111 709 2154 ad
729 2111 826 2169 singulos
842 2112 886 2155 eius
902 2111 957 2155 ritus
973 2112 1029 2155 bene

137 2187 292 2245 intellegendos
308 2187 383 2244 magni
398 2189 431 2230 est
446 2186 556 2229 momenti.

199 2273 294 2317 Dubium
309 2275 408 2324 nonest,
425 2271 478 2330 quin
494 2271 570 2329 religio
587 2271 663 2314 veteris
678 2270 802 2314 testamenti
818 2272 843 2314 ab
861 2270 963 2314 omnibus
978 2271 1028 2314 reli-

138 2346 240 2404 gionibus
260 2346 374 2404 gentilium
394 2347 441 2403 ipsa
462 2345 492 2389 rei
512 2348 592 2389 natura
608 2345 689 2388 diversa
705 2345 732 2388 sit
747 2345 810 2401 idque
830 2345 924 2402 primum
940 2347 1030 2401 propter

139 2419 244 2478 originem
260 2419 361 2471 divinam,
382 2419 483 2476 quoniam
498 2418 522 2461 in
538 2418 636 2462 doctrina
652 2434 665 2461 a
681 2418 719 2461 deo
738 2417 816 2461 tradita
831 2417 931 2461 consistit
946 2419 968 2460 et
984 2418 1029 2460 eul-

139 2498 186 2536 tum
205 2493 270 2536 unius
289 2493 334 2536 veri
350 2492 384 2535 dei
404 2492 558 2549 complectitur,
580 2507 629 2535 eum
649 2491 762 2549 religiones
784 2491 898 2547 gentilium
919 2490 1028 2547 opinionis

139 2567 267 2610 commentis
288 2566 322 2609 vel
343 2565 422 2609 fabulis
443 2566 542 2609 nitantur
567 2579 637 2623 neque
659 2564 775 2621 quidquam
801 2563 859 2607 aliud
880 2564 922 2607 nisi
946 2564 1029 2607 cultum

138 2643 228 2683 naturae
250 2654 321 2683 rerum
342 2639 427 2695 eiusque
443 2639 520 2682 virium
541 2639 582 2700 (res
599 2638 632 2681 191
652 2636 789 2696 gignentium
805 2637 838 2680 vel
854 2637 1030 2681 conservantium

138 2714 172 2757 vel
189 2712 352 2771 destruentium)
363 2712 542 2768 complementum
559 2711 634 2755 deinde
644 2713 731 2768 propter
742 2709 922 2767 significationem
933 2710 1029 2766 typicam

139 2789 201 2830 etex
217 2789 277 2843 parte
293 2785 434 2842 symbolicam
450 2785 520 2828 cultus
536 2784 630 2837 llosaici,
650 2799 692 2841 qna
708 2782 824 2839 posteriore
841 2785 914 2826 tamen
930 2797 958 2825 ne
974 2797 1028 2841 gen-

138 2861 211 2905 tilium
227 2860 313 2918 quidem
329 2858 429 2902 instituta
444 2858 573 2915 religionum
589 2858 653 2914 plane
669 2859 747 2900 carent.

200 2944 333 3003 Quamquam
349 2944 395 2987 fieri
410 2945 486 3000 potest,
502 2943 561 2987 utin
572 2942 675 3000 religione
686 2941 762 2986 veteris
777 2940 900 2983 testamenti
915 2939 1028 2992 nonnulla,

136 3019 268 3077 quinetiam
280 3018 390 3074 complura
401 3019 490 3069 exstent,
507 3031 561 3073 quae
573 3031 621 3059 011111
632 3014 774 3074 religionibus
784 3013 906 3071 gentilium,
923 3012 1030 3068 imprimis

139 3092 228 3136 orientis
248 3091 337 3149 antiqui,
359 3089 481 3135 communia
501 3089 585 3133 habeat.
616 3088 674 3131 Nam
695 3103 744 3131 curn
764 3086 859 3130 hnmana
878 3084 974 3143 cognitio
992 3087 1030 3143 aut

137 3180 203 3222 opera
219 3166 291 3209 divinit
307 3164 442 3216 revelatione,
459 3178 500 3220 qua
516 3162 592 3220 religio
608 3161 646 3204 illa
661 3161 744 3213 nit'tur,
760 3175 805 3204 non
821 3159 952 3211 excludatur,
970 3172 1030 3203 corn-
