2165 3388
129 81 174 126 390
428 77 474 114 Pars
487 77 501 114 Ι.
523 76 654 124 Antiquitates
667 89 731 115 sacrae

129 204 183 248 Hist.
205 204 250 246 eccl.
271 210 290 254 2,
308 210 342 246 23.
363 203 424 244 llSG
444 210 479 254 20,
498 200 550 261 191)
574 205 598 245 de
620 204 682 246 Jacob
705 206 797 246 naziraeo
818 205 927 245 memoriae
947 203 1029 258 proditi·

126 260 215 309 Ἔλαιον
232 262 271 308 ota
286 263 385 323 ἠλείψατο
401 266 437 307 καὶ
453 265 554 322 βαλανείῳ
571 263 609 309 eta
625 264 735 324 ἐχρήσατο.

193 374 219 428 b)
235 370 351 414 Naairaeus
372 386 408 428 per
429 374 540 416 mortuum
561 372 676 430 inopinato
693 371 869 416 contaminatus1
885 372 920 416 <lie
935 371 1030 429 septimo

130 443 269 502 purgationis
287 446 352 501 caput
367 445 440 489 radere
450 449 464 498 2,
486 445 520 490 die
535 447 610 491 octavo
627 446 680 489 duos
696 448 791 490 turtures
807 445 841 489 vel
856 445 928 501 pullos
945 444 1028 488 colum-

130 516 200 570 binos,
223 517 315 561 alterum
337 532 377 574 pro
399 520 493 575 peccato,
516 520 607 563 alterum
629 520 653 562 in
675 517 836 571 holocaustum,
859 520 922 576 atque
945 532 1028 575 agnum

131 590 258 634 {anniculum
277 606 316 647 pro
338 590 415 636 delicto
438 592 513 636 offerre
534 595 555 636 et
575 592 615 636 tali
635 591 699 635 modo
720 591 837 635 mundatus
859 594 934 636 votum
956 591 1029 636 denuo-

130 664 234 708 incohare
245 652 342 717 debebat,
358 664 390 709 ita
405 668 431 710 ut
442 666 486 710 dies
501 667 582 722 priores
597 680 644 708 non
659 668 824 710 numerarentur
841 665 894 726 [Nm
905 670 925 718 6,
937 666 1030 724 9-12),

195 779 256 819 1aex
267 780 355 820 Mosaica
366 781 502 822 voluntariam
514 780 672 821 consecrationis
688 780 859 833 interruptionem
875 780 1027 831 praetermittit,

132 852 184 890 quae
201 839 245 880 sine
262 841 331 890 dubio,
347 841 385 881 ubi
401 842 426 881 de
442 842 591 891 eaaonstabar,
608 841 698 882 severius
715 842 845 893 puniebatur.

196 951 278 991 2ΕαΙεο
294 952 383 1003 Vulgata
402 951 442 991 Nm
460 957 478 1001 6,
497 958 520 993 9:
543 951 620 1001 „Radet
640 951 695 992 illico
715 952 737 992 in
758 952 828 992 eadem
849 952 881 992 die
901 951 1031 1004 purgationis·

133 1023 182 1051 suae
199 1012 220 1052 et
234 1025 317 1052 rursum
334 1013 439 1064 septimas

194 1116 298 1174 Tempore
308 1117 354 1161 roti
370 1118 460 1175 elapso¹
476 1117 586 1162 naairaeus
602 1133 684 1176 agnum
699 1118 724 1162 in
740 1118 896 1177 holocaustum,
907 1133 975 1162 ovem
989 1132 1031 1175 pro

131 1192 219 1246 peccato
236 1191 258 1251 (i.
275 1206 292 1238 e,
308 1207 347 1249 pro
364 1192 455 1248 peccatis
471 1192 515 1236 suis
531 1191 652 1252 universis),
671 1192 759 1236 arietem
775 1193 885 1249 tamquam
901 1190 1029 1235 sacrificium

132 1263 305 1318 eucharisticum,
322 1265 440 1308 canistrum
455 1280 537 1322 panum
553 1278 677 1321 azymorum
695 1265 796 1325 (quorum
810 1264 871 1308 alteri
882 1265 928 1308 oleo
939 1263 1030 1315 subacti,

132 1337 196 1380 alteri
212 1338 260 1381 oleo
281 1338 363 1394 perfusi
379 1339 454 1399 erant),
475 1338 551 1382 vinum
568 1337 659 1396 denique
675 1338 701 1381 ad
716 1337 830 1382 libandum
846 1337 977 1381 destinatum
994 1337 1027 1380 cf-

130 1410 236 1454 ferebare
265 1410 332 1455 Coma
342 1411 387 1455 eius
397 1414 448 1455 aute
460 1411 539 1455 ostium
550 1411 684 1455 tabernaculi
701 1411 759 1472 (post
775 1410 880 1467 templum
896 1411 1029 1453 exstructum

131 1484 156 1527 in
172 1483 269 1527 conclavi
283 1485 440 1544 naairaeornm)
457 1487 520 1528 tonsa
535 1499 584 1528 cum
600 1484 662 1541 adipe
677 1483 776 1527 sacrificii
792 1483 925 1527 eucharistici
941 1497 1027 1527 concre-

132 1558 239 1605 mabatur.
271 1557 351 1601 Armus
372 1559 442 1601 coctus
463 1558 535 1601 arietis
555 1560 577 1601 et
597 1573 654 1601 unus
674 1557 737 1613 panis
757 1557 868 1614 utriusque
889 1557 974 1615 generis
990 1570 1030 1612 per

132 1631 286 1674 caerimoniam
307 1631 434 1689 agitationis
450 1630 532 1675 Jahvae
553 1631 704 1681 offerebantur,
725 1630 775 1675 dein
790 1631 814 1674 in
829 1645 892 1673 usum
912 1629 1029 1673 sacerdotis

133 1703 242 1747 cedebant.
274 1704 300 1747 Iu
317 1705 380 1761 epulo
401 1704 487 1747 demum
507 1718 566 1747 sacro
589 1719 615 1746 ex
636 1704 736 1747 carnibus
756 1703 855 1747 victimae
876 1702 1030 1746 eucharisticae

132 1778 154 1819 et
169 1776 259 1834 reliquis
274 1778 368 1833 panibus
383 1779 459 1834 parato
475 1792 548 1820 rursus
564 1777 639 1820 vinum
655 1776 749 1823 bibebat,
766 1775 818 1836 (Nm
830 1780 850 1834 c,
863 1777 968 1835 13-20).
989 1776 1027 1819 His

131 1850 224 1906 peractis
239 1851 351 1894 naairaeus
367 1851 443 1894 votum
460 1865 524 1893 suum
540 1850 666 1897 absolverat.

198 1963 206 1990 1
217 1965 293 2005 Votum
309 1964 435 2003 naairaeatus
452 1965 495 2003 crat
506 1966 541 2003 aut
557 1964 703 2016 temporarium
720 1960 859 2020 (adurensem,
872 1977 953 2012 aunum,
964 1964 1030 2005 trien-

132 2022 199 2080 nium)
216 2027 253 2064 aut
265 2029 387 2075 perpetuare
403 2024 436 2077 (ad
448 2024 490 2064 dies
504 2022 572 2080 vitae).
604 2024 657 2065 Hinc
673 2024 778 2064 distinctio
794 2025 960 2065 talmudistarunr
975 2025 1031 2065 inter

132 2087 251 2126 raratroeaa
266 2088 288 2126 ia
304 2091 405 2126 aeterniora
427 2073 484 2142 (Uilli
497 2086 531 2131 ll?
548 2086 591 2126 sire
607 2086 641 2132 pp:
658 2073 683 2131 5?
695 2081 716 2141 ¹³)
735 2088 756 2126 et
774 2084 891 2125 aratrorum
909 2087 935 2126 ccl
953 2090 1030 2126 certator

132 2152 209 2199 terupus
226 2144 276 2202 (0er
289 2144 300 2185 ‘r
317 2147 422 2192 siva-:lap
440 2133 519 2203 1115)).
550 2147 657 2187 Interdum
677 2149 772 2199 parentes
794 2147 845 2187 filios
862 2147 953 2187 nondum
969 2151 1028 2186 natos

133 2209 170 2249 deo
182 2208 290 2256 vovebant,
306 2209 364 2248 velut
380 2208 461 2249 Simeon
478 2205 525 2264 (Jdc
537 2213 571 2258 13,
586 2215 603 2251 5.
617 2203 644 2264 1),
662 2208 743 2248 Samuel
759 2204 777 2264 (Ι
789 2208 823 2247 Sm
836 2216 854 2259 1,
871 2204 912 2264 11),
929 2208 1030 2248 {loannem

132 2269 249 2322 Baptistam
266 2266 301 2326 (Lo
318 2277 336 2319 1,
355 2265 398 2325 15).

197 2379 247 2419 ²Ex
258 2392 298 2430 quo
315 2380 398 2431 apparet
408 2381 479 2420 votum
495 2380 622 2419 naairaeatus
638 2391 679 2418 non
694 2379 757 2419 tuisse
772 2378 860 2420 hominis
875 2379 978 2430 pauperis.
1001 2379 1029 2419 Aa

132 2441 258 2493 pauperibus
275 2441 312 2479 lros
328 2442 423 2492 sumptus
439 2452 593 2492 nonnumquam
610 2439 716 2481 divitiores
732 2439 896 2492 suppeditabant,
913 2452 952 2491 quo
968 2440 1028 2480 modo

131 2503 172 2554 ipsi
188 2502 231 2542 voti
250 2513 320 2541 eorum
335 2501 443 2553 participes
459 2501 536 2542 fiebant
552 2499 600 2555 (Act
616 2507 651 2549 21,
664 2497 731 2556 23s.).
761 2500 850 2552 insignis
867 2500 891 2539 de
907 2501 943 2540 hac
958 2514 980 2540 re
997 2503 1029 2540 est

132 2564 189 2603 locus
206 2562 249 2602 Jos.
265 2561 302 2601 Α]
320 2568 357 2611 rap
370 2569 389 2606 6.
408 2568 431 2612 1.,
448 2562 485 2602 ubi
501 2562 525 2602 de
541 2562 634 2615 Agrippa
649 2562 790 2614 Hierosolyma
806 2561 904 2601 redeunte
919 2562 1028 2602 memoriae

131 2624 224 2664 traditur
240 2636 288 2663 eum
303 2623 379 2663 multos
395 2623 497 2664 naziraeos
513 2623 594 2664 tonderi
609 2623 700 2663 iussisse.

194 2755 216 2812 o)
233 2752 333 2797 Naairaei
349 2752 376 2796 ab
392 2752 517 2796 bominibus
534 2768 650 2810 eorumque
661 2752 743 2797 deliciis
759 2753 851 2810 separati
862 2755 883 2796 et
893 2753 978 2810 proprie
989 2751 1030 2795 deo

132 2827 258 2880 consecrati,
279 2828 304 2869 ut
320 2826 417 2883 precibus
433 2828 454 2869 et
469 2841 542 2869 rerum
558 2825 679 2870 divinarum
699 2825 828 2883 cogitationi
844 2840 930 2882 operam
947 2826 1028 2877 darent,

131 2916 212 2959 magna
229 2900 286 2957 apud
306 2898 411 2956 populum
427 2903 488 2942 erant
504 2899 632 2943 auctoritate
648 2902 712 2957 atque
733 2899 827 2956 periculo
843 2899 938 2943 instante
954 2913 1029 2942 eorum

130 2973 257 3017 intercessio
280 2971 392 3028 implorari
414 2973 496 3016 solebat
518 2972 553 3032 (cf.
569 2972 580 3015 Ι
597 2972 643 3016 llcc
662 2978 682 3026 3,
698 2977 728 3021 49
739 2973 770 3033 s)
803 2972 820 3015 E
852 2972 903 3016 (ieris
924 2972 970 3028 ipse
992 2986 1031 3029 per

131 3048 199 3091 Amos
222 3048 252 3108 (2,
271 3046 307 3105 11)
330 3045 442 3100 beneficia,
469 3061 523 3104 quae
545 3046 607 3103 genti
629 3047 706 3090 electae
728 3046 874 3103 praestiterat,
900 3059 1030 3089 enumerans

130 3123 215 3176 praeter
232 3120 348 3178 prophetas
365 3118 440 3163 diserte
457 3122 612 3163 commemorat
627 3120 742 3164 naairaecs.
