2218 3388
163 85 207 131 234
458 83 503 118 Pars
516 82 530 118 1.
551 82 683 130 Antiquitates
697 89 760 118 sacrae

225 206 248 262 Β)
265 204 339 262 Neque
360 204 431 248 minus
451 205 506 249 falsa
526 207 558 249 est
578 204 669 248 aliorum
691 204 763 263 opinio
780 205 895 248 sabbatum
911 204 1061 249 Hebraeorum*

163 280 185 321 et
201 277 271 321 diem
287 277 401 322 Saturni
421 278 477 322 idem
498 294 541 322 esse
562 281 583 322 et
603 294 641 335 par
658 279 789 338 (tutatae,
806 278 829 322 P¹
846 277 872 320 de
889 277 979 331 Bohlen,
996 278 1018 326 F,
1036 278 1059 326 C.

163 351 253 403 1191919,
274 351 298 395 11.
314 351 412 403 Kuenen,
429 351 480 411 alii).
512 351 569 395 Nam
590 367 719 410 quamquam
740 351 854 408 scriptores
874 351 1063 395 Romaniaetate-

162 425 291 481 posteriores
307 424 406 486 (Tacitus,
423 425 477 469 Hist.
494 429 514 477 b,
531 430 551 472 1.
567 425 690 478 Frontinus,
707 424 797 482 Strateg.
815 430 835 476 2,
853 429 872 476 1,
889 429 923 485 17.
948 424 989 468 Dio
1008 424 1057 469 Sas-

164 499 212 551 sius,
229 497 282 544 Hist.
298 498 359 541 Rom.
376 501 411 551 37,
429 502 463 546 17.
480 498 583 550 Tibullus,
599 498 657 555 Eleg.
669 503 688 550 1,
705 503 724 550 3,
743 501 771 550 17
783 499 808 558 s.)
825 497 941 541 sabbatum
957 513 1006 541 cum
1022 498 1056 542 die

163 571 249 615 Saturni
266 571 429 628 componebant,
451 571 503 615 haec
520 572 606 616 collatio
623 575 696 615 tamen
711 571 790 629 partim
806 571 830 614 in
847 571 972 629 ignorantia
987 563 1059 615 rerum

163 645 242 701 purtim
258 646 281 691 in
297 644 458 700 contemptione
474 644 591 702 religionis,
613 660 655 702 qua
671 644 761 688 Hebraei
777 643 882 688 divinitus
903 643 982 688 imbuti
1001 652 1063 699 sunt,

163 720 235 774 posita
250 721 287 764 est.
315 718 368 762 Cum
384 717 442 760 enim
452 717 530 761 Judaci
545 718 587 775 ipsi
602 720 671 761 aetate
687 717 816 774 scriptorum
833 717 989 776 Romanorum,
1005 732 1059 775 quos

164 791 387 843 commemoravimus,
409 791 522 835 sabbatum
543 792 570 835 ad
591 791 672 834 cultum
692 790 779 835 Saturni
794 791 903 847 pertinere
925 791 1058 848 ignorarent,

163 864 196 907 illi
217 866 289 908 autem
309 864 423 920 scriptores
445 864 511 907 nullis
532 864 579 908 aliis
599 864 695 907 fontibus
711 864 736 907 de
757 864 888 921 antiquitate
904 864 1009 908 Hebraica
1024 867 1055 909 aa·

163 939 251 994 possent
271 937 314 981 nisi
333 937 394 981 libris
415 937 502 991 divinis,
519 939 605 981 tantum
626 937 737 994 opiniones
758 937 931 995 occidentalium,
952 938 990 995 qui
1010 938 1061 981 sab*

163 1010 239 1054 batum
250 1011 306 1055 diem
317 1011 405 1056 Saturni
421 1027 464 1056 esse
480 1012 592 1068 putabant,
609 1012 676 1055 secuti
691 1011 794 1055 iudicasse
810 1011 919 1056 videntur.
946 1012 1058 1056 Praeterea

163 1085 253 1128 sabbato
269 1084 368 1135 Romani,
385 1085 422 1142 qui
438 1084 531 1129 Judaeos
551 1084 708 1137 ,sabbatariosss
727 1085 836 1129 vocabant
852 1085 973 1145 (Martialis,
985 1084 1062 1142 Epigr„

164 1162 184 1210 rt,
201 1162 222 1210 1,
239 1158 261 1217 7)
283 1164 304 1202 et
319 1157 419 1202 homines
436 1158 550 1201 desidiosos
570 1158 677 1215 putabant
698 1157 825 1219 (Juvenalis,
841 1158 903 1205 Satir.
920 1163 955 1212 14,
973 1159 1058 1219 1059),

165 1230 189 1274 de
206 1230 293 1275 Saturni
314 1231 376 1275 stella
396 1230 561 1275 commonefacti
582 1233 639 1284 sunt,
660 1231 701 1289 cui,
723 1246 772 1274 cum
793 1232 850 1275 inter
871 1231 944 1275 stellas
965 1233 1064 1275 errantes

164 1307 283 1348 extremum
291 1304 362 1349 locum
372 1319 479 1361 occupans
489 1320 574 1348 cursum
586 1303 706 1348 tardissime
717 1309 812 1363 peragat,
825 1319 947 1362 cognomen
961 1303 1056 1362 „segnis”

164 1376 289 1434 impositum
300 1382 350 1425 erat.
376 1377 476 1435 Accessit,
492 1379 517 1421 ut
528 1376 601 1421 Graeci
615 1379 637 1420 ct
647 1377 741 1421 Romani
752 1377 845 1422 Saturno
857 1380 962 1435 regnante
973 1392 1058 1420 auream

164 1453 256 1494 aetatem
276 1450 440 1508 tranquillitatis
457 1454 478 1494 et
494 1450 627 1508 aequalitatis
649 1450 715 1494 fuisse
731 1451 873 1508 opinarentur
890 1453 911 1494 et
926 1455 952 1494 ut
967 1450 1060 1493 Romani

165 1522 314 1567 Saturnalibus
334 1524 399 1568 etiam
420 1539 490 1568 servos
512 1524 612 1568 oneribus
633 1524 703 1568 levare
726 1524 825 1571 solerent.
857 1524 887 1567 At
904 1527 980 1568 contra
995 1524 1063 1568 colla--

164 1597 247 1641 tionem
267 1597 327 1641 illam
348 1600 460 1654 repugnat,
482 1596 539 1654 quod
555 1597 637 1641 incolae
653 1597 743 1641 orientis
759 1612 807 1640 cum
825 1597 912 1641 Saturni
928 1598 991 1641 stella
1006 1597 1063 1641 tales.

165 1670 277 1727 opiniones
289 1670 455 1729 coniungebant,
472 1670 544 1728 quales
554 1670 644 1729 ingenio
654 1669 776 1714 incolarum
792 1670 910 1714 occidentis
925 1672 991 1727 plane
1007 1686 1059 1715 con-

164 1744 242 1787 trariae
263 1745 334 1795 erant3
355 1759 406 1787 nam
425 1744 448 1787 in
469 1743 536 1796 terris,
558 1759 612 1801 quae
632 1743 660 1786 ad
680 1743 812 1788 occidentem
830 1747 934 1801 spectant,
956 1744 1064 1788 Saturnus.

166 1816 216 1859 deus
232 1816 346 1869 felicitatis,
363 1816 475 1869 libertatis,
492 1817 633 1873 aequalitatis,
654 1816 724 1869 iniis,
746 1832 800 1874 quae
821 1817 848 1860 ad
870 1817 981 1870 orientem,
1002 1817 1064 1861 sidus.

164 1889 309 1945 perniciosum
329 1889 447 1933 habebatur
455 1893 470 1936 1.
501 1889 581 1933 Deinde
601 1890 755 1945 respiciendum
778 1893 815 1942 est,
837 1888 897 1947 quod
913 1889 1000 1934 Saturni
1016 1889 1063 1934 dies

165 1979 211 2007 non
233 1962 335 2020 septimus
357 1962 400 2006 sive
420 1963 515 2017 ultimus,
538 1963 574 2007 sed
596 1963 677 2020 primus
699 1962 838 2007 hebdomadis
860 1963 904 2006 dies
925 1963 973 2010 11111,
1010 1962 1063 2006 11199

166 2036 223 2079 enim
244 2051 270 2078 ex
285 2036 358 2093 ,stellis
379 2036 499 2079 errantibus
520 2036 688 2079 numerabantur
707 2036 739 2098 (et
760 2035 853 2092 quidem,
874 2038 899 2079 ut
919 2036 960 2080 Dio
978 2036 1064 2080 Cassius.

165 2124 198 2166 op.
216 2110 249 2157 all.
267 2114 301 2162 37,
319 2114 346 2158 18
368 2110 466 2162 testatur,
487 2124 512 2152 ex
534 2111 617 2165 recepto
638 2109 695 2153 inter
715 2111 796 2155 veteres
807 2108 932 2167 Aegyptios
949 2111 1018 2166 more)
1039 2112 1060 2153 91

166 2182 247 2226 dierum
268 2183 389 2226 numeratio
411 2198 423 2225 a
444 2181 532 2226 Saturni
552 2182 615 2226 stella
636 2184 747 2239 tamquam
767 2181 792 2224 in
813 2185 907 2226 extrema
928 2183 981 2226 caeli
1001 2186 1064 2239 parte

166 2270 252 2300 cursum
268 2258 382 2313 peragente
398 2255 540 2311 incipiebatur
556 2256 606 2315 [Dio
624 2255 707 2299 Cassius
724 2270 757 2312 op.
774 2255 808 2299 all.
825 2260 861 2313 37,
880 2259 908 2303 18
920 2258 951 2315 9,).
974 2255 1061 2300 Saturni

166 2332 238 2373 91119111
253 2328 310 2372 diem
326 2345 338 2371 a
354 2328 424 2384 primo
440 2328 580 2372 hebdomadis
596 2328 631 2372 die
647 2328 674 2372 ad
690 2329 805 2386 septimum
822 2345 834 2372 a
851 2328 910 2371 Mose
931 2329 1059 2372 translatum

165 2417 210 2446 esse
230 2403 342 2458 propterea
361 2402 427 2445 statui
446 2416 491 2445 non
512 2404 588 2458 potest,
609 2402 667 2460 quod
686 2402 727 2446 hoc
748 2401 812 2446 modo
833 2402 1063 2460 19911119119119199199,4

166 2491 191 2519 ex
208 2491 250 2534 qua
266 2475 348 2533 singuli
363 2474 503 2518 hebdomadis
519 2475 563 2519 dies
579 2476 756 2528 nominabantur,
773 2476 838 2531 plane
856 2474 966 2522 deleretur,
994 2475 1060 2518 Deni-

166 2564 207 2607 que
223 2548 241 2592 si
257 2548 348 2594 Hebraei
363 2563 430 2590 unum
451 2548 591 2592 hebdomadis
608 2549 664 2591 diem
680 2564 705 2592 ex
721 2549 833 2592 stellarum
851 2549 969 2592 errantium
986 2548 1064 2592 ordine>

165 2622 320 2674 nominassent,
333 2621 398 2664 etiam
409 2625 489 2665 ceteros
500 2621 543 2665 dies
555 2638 580 2666 ex
592 2622 666 2666 eodem
677 2622 751 2666 ordine
762 2621 873 2665 nominari
883 2637 969 2666 necesse
979 2622 1063 2665 fuisset,

166 2694 232 2739 Cuius
248 2695 279 2738 rei
295 2695 319 2738 111
335 2697 405 2738 vetere
421 2695 649 2738 testamento'nullum
665 2695 776 2740 invenitur
792 2695 934 2751 vestigium2

231 2784 317 2831 1tiuare
333 2784 389 2835 apud
399 2784 475 2823 Arabes
489 2784 590 2825 Saturnus
604 2784 649 2825 Jovi
665 2785 771 2836 oppositus
787 2781 860 2831 1111111119
875 2785 961 2824 attolitur
977 2782 1014 2838 (=
1029 2784 1060 2823 in-

166 2846 280 2887 fortunium
296 2841 403 2900 magnum)
420 2846 566 2897 appellabatur,
583 2848 607 2885 ut
622 2846 675 2886 Mars
692 2845 830 2885 intortunium
846 2858 938 2896 parvum.
967 2844 1060 2886 Chaldaei

167 2907 277 2948 Saturnum
294 2907 315 2946 in
332 2908 376 2946 atro
393 2907 468 2957 templo
485 2907 577 2946 colebant
592 2908 651 2958 eique
668 2908 712 2946 atra
723 2908 779 2946 veste
792 2906 862 2947 induti
872 2908 962 2948 veterem
978 2909 1059 2947 taurum

167 2969 307 3016 immolabant,
325 2980 371 3007 cum
388 2967 532 3019 supplicarent,
549 2981 574 3007 ne
585 2969 605 3008 11
616 2980 653 3007 sua
664 2968 755 3008 noxiain
768 2980 788 3006 se
804 2969 904 3016 uteretur.
930 2968 980 3008 Eius
998 2968 1063 3007 simu*

166 3030 245 3069 lacrum
261 3042 284 3068 er
300 3029 359 3081 nigro
378 3028 446 3079 lapide
462 3030 506 3068 erat
522 3030 542 3067 et
557 3042 588 3068 res
604 3029 657 3068 male
673 3030 750 3068 olentes
768 3028 786 3067 91
802 3028 975 3077 incendebantur3
997 3027 1061 3079 splen,

167 3102 213 3130 eum
234 3090 258 3129 ad
279 3089 433 3129 melancholiam
454 3090 555 3141 pertinere
575 3091 689 3141 putaretur,
711 3089 729 3129 ei
751 3089 830 3129 dicatus
852 3091 900 3129 erat.
933 3091 962 3129 Ex
983 3091 1060 3140 septem

165 3151 260 3200 metallis,
277 3151 352 3202 quibus
368 3150 437 3190 stellae
453 3152 543 3190 errantes
554 3151 726 3203 significabantur,
743 3163 785 3190 non
796 3150 863 3191 ullum
874 3150 941 3190 nobile
952 3151 977 3190 ut
988 3161 1060 3190 aurum.
