2218 3388
117 113 146 159 10
478 107 617 156 Prolegomena

179 236 203 288 a)
219 236 362 287 Quaecumque
379 235 404 276 de
424 234 469 287 lege
484 236 572 276 Mosaios
588 249 622 276 ore
637 236 744 277 hominurn
758 237 845 289 posteris
861 237 939 279 tradita
954 239 1013 286 sunt,

117 311 140 338 ea
156 297 231 337 iudaei
247 296 330 348 quidem
346 309 358 336 a
374 296 412 353 deo
432 303 478 336 eum
494 298 554 345 Mose,
576 308 622 336 curn
637 310 674 349 per
690 298 825 352 quadraginta
841 298 884 339 dies
904 298 927 339 in
942 301 1012 339 monte

117 359 172 400 Sinai
188 359 309 406 moraretur,
329 358 479 398 communicata
495 370 537 397 esse
554 359 686 407 contendunt,
708 359 743 399 sed
758 359 835 409 rectius
850 374 862 398 a
877 361 1012 412 temporibus,

117 433 169 472 quae
191 418 284 459 exsilium
298 418 436 470 Babylonium
456 421 525 459 secuta
541 420 596 468 sunt,
617 421 746 471 repetuntur.
776 421 806 460 Ex
822 434 863 472 qua
879 421 944 460 aetate
960 434 1013 472 quae

118 483 142 521 de
165 494 188 521 ea
209 493 231 520 re
253 479 362 519 memoriae
384 479 461 519 tradita
483 481 547 529 erant,
574 493 597 520 ea
619 487 661 520 una
682 494 730 521 cum
752 481 812 521 variis
836 472 919 534 decretis
941 482 1012 521 eodem

117 542 255 594 spectantibus
271 540 386 592 legisperiti
402 540 496 593 colligere
513 542 629 592 coeperunt,
646 542 710 582 Rabbi
726 542 804 582 Jeirude
814 535 902 592 iro-Nori
918 543 959 583 sire
975 544 1011 582 re-

116 603 202 643 truderet
215 603 289 651 autem,
306 601 343 653 qui
359 601 422 641 etiarn
432 601 496 641 Rabiri
512 599 559 644 κατ’
576 599 651 662 ἐξοχὴν
668 603 789 655 appellatur,
806 603 884 643 scholae
900 602 1015 655 spperioris

116 665 139 703 in
154 663 244 703 Tiberias
264 662 379 714 praefectus
400 660 461 717 (circa
479 669 597 705 135—217
614 677 633 714 p.
645 661 694 719 Cb),
715 666 817 715 postremo
838 664 859 703 in
880 664 955 704 librum
974 677 1011 704 no-

116 725 172 765 mine
188 724 307 764 llischna
324 718 393 778 (iiiiii-Q
409 724 533 775 insignitum
549 724 634 777 redegit.
666 724 724 771 Quod
739 737 813 765 nornen
828 726 896 775 patres
917 725 1014 765 eeclesiae-

116 786 171 825 haud
191 785 243 825 falso
258 784 358 825 vocabulo
374 784 492 841 δευῑὲρωσις
507 786 598 834 uertunt,
619 786 720 841 quatenus
736 785 820 827 verbum
839 781 876 831 Πξῖ]
891 785 972 837 proprie
989 798 1014 825 ac:

116 846 182 898 primo
203 845 315 902 δεοτεροῦν,
336 850 423 896 repetere
442 845 503 887 valet,
535 846 563 885 At
583 859 607 885 er
627 846 724 898 loquendi
744 859 784 887 usu
803 847 939 897 posteriorum
958 849 1010 887 tem-

115 920 191 960 porum
206 907 261 947 idem
272 906 326 946 valet
337 906 392 957 qnod
407 907 523 946 traditiones
533 908 603 946 docere
613 908 646 947 vel
657 908 735 948 discere.
763 907 826 955 Quare
837 903 888 940 diti*
900 908 1013 948 doctrinalis

117 969 164 1021 lepis
180 968 281 1019 significat
297 980 381 1018 eamque
397 980 445 1007 voce
462 969 570 1018 acceptam,
587 980 633 1007 cum
650 968 715 1008 Thera
732 969 856 1020 scriptasit.

179 1029 228 1069 Qum
249 1031 318 1068 autern
340 1029 409 1068 textus
425 1028 528 1068 illischnae
549 1029 688 1080 compluribus
709 1030 758 1070 iocis
780 1029 934 1069 obscurissimus
951 1031 1013 1076 esset,

117 1090 217 1142 paulatim
228 1103 239 1128 a
250 1089 341 1129 rabbinis
354 1089 539 1129 Palaestinensibus
550 1090 618 1129 variae
628 1091 673 1130 eius
690 1090 833 1142 explicationes
849 1090 940 1142 prolatae
956 1091 1010 1138 sunt,

117 1165 171 1203 quae
186 1150 329 1202 progrediente
345 1151 436 1200 tempore
452 1150 547 1190 collectae
563 1151 625 1201 atque
642 1152 686 1191 loco
703 1151 842 1191 commentarii
857 1151 960 1191 Mischnee
976 1151 1014 1190 ad-

117 1212 172 1252 ditae
193 1213 241 1251 sunt
262 1211 324 1262 idque
344 1210 427 1251 nomine
443 1211 550 1251 Gomara
566 1210 624 1265 (lippi
640 1213 800 1264 supplementum,
818 1214 982 1263 corrrplerrieuturn,
999 1226 1015 1252 a

118 1274 153 1318 *tbi
166 1273 256 1324 perpboit,
274 1269 369 1327 absoluit).
402 1271 445 1319 Quo
461 1272 537 1311 factum
553 1273 588 1318 est,
609 1273 633 1311 ut
648 1272 739 1313 illisobna
755 1286 800 1313 curn
816 1274 900 1313 Qemara
915 1273 1011 1313 Palaesti-

116 1334 177 1374 nensi
192 1334 299 1391 coniuncta
316 1333 402 1372 rotmiro
416 1333 561 1373 Palaestinae
578 1321 651 1386 (biiiiffl
667 1335 705 1380 Vll<
722 1321 793 1389 uitabit)
811 1334 852 1374 sire
869 1334 1010 1386 Hierosolymi-

117 1400 187 1435 torrum
203 1390 290 1449 (insui-r
303 1391 331 1450 Ἦ)
349 1394 464 1434 const'tuat

179 1455 302 1506 Plerumque
322 1455 397 1495 dicitur
412 1455 437 1495 R.
452 1456 558 1494 Joeranoa
574 1455 611 1495 bor
627 1456 738 1507 Noppociru
755 1453 774 1512 (i
792 1454 844 1510 279)
862 1456 957 1496 Gemarae
972 1456 1014 1495 ra-

117 1516 236 1556 laestinensi
247 1528 348 1562 summam
358 1528 442 1556 manum
453 1515 580 1566 imposuisse,
593 1517 648 1567 quod
658 1529 699 1557 non
710 1519 741 1556 est
752 1519 835 1559 rectum.
856 1516 920 1564 Quem
930 1519 1011 1556 tantum

116 1578 206 1631 primum
223 1577 379 1629 disputationes,
401 1590 453 1628 quae
470 1576 495 1616 ad
511 1577 573 1616 verba
588 1578 691 1617 Mischnae
707 1578 816 1629 pertinent,
838 1578 943 1630 collegisse
958 1576 1015 1618 verim

117 1638 184 1678 simile
200 1640 237 1678 est.
263 1638 301 1679 Vin
312 1639 381 1678 autem
392 1650 489 1686 erramus,
507 1638 525 1678 si
536 1638 641 1677 Gemaram
652 1639 822 1678 Palaestinensem
839 1652 862 1677 er
874 1639 1010 1690 compluribus

117 1699 231 1740 minoribns
252 1699 406 1743 collectionibus
427 1698 517 1738 effectam
538 1711 582 1738 esse
598 1701 699 1750 putamus.
731 1700 785 1746 Quae
802 1712 841 1750 quo
858 1701 948 1749 tempore
965 1701 1014 1738 orta

118 1760 152 1809 sit,
168 1759 216 1800 inde
232 1760 362 1811 perspicitur,
382 1758 436 1810 quod
453 1759 514 1800 etiam
529 1759 663 1811 imperatores
680 1760 817 1800 Diocletianus
833 1763 853 1800 et
869 1759 965 1800 Julianus
982 1759 1012 1799 ibi

119 1822 308 1869 commemorantur,
331 1821 366 1860 sed
381 1820 471 1860 virorum
487 1822 594 1861 doctorum
610 1820 747 1869 latiomorum,
769 1821 805 1872 qui
825 1821 863 1861 sub
883 1821 923 1860 fine
944 1821 1015 1872 quarti

118 1882 193 1922 saeculi
209 1883 298 1929 suerunt,
315 1882 374 1921 nulla
390 1881 431 1921 iarn
446 1883 523 1922 mentio
539 1881 568 1922 fit.

54 1939 56 1943 ’
179 1943 206 1982 At
217 1943 253 1982 illa
263 1943 396 1982 rabbinorum
407 1942 588 1983 Palaestinensium
605 1942 755 1994 explanationes
771 1955 901 1994 nequaquam
917 1942 1010 1983 omnibus

118 2003 202 2044 ludaeis
217 2004 348 2055 placuerunt:
381 2002 446 2049 Quare
463 2004 532 2044 studia
547 2003 648 2043 Miscbnae
664 2003 686 2043 in
702 2004 809 2044 academiis
825 2003 941 2055 Babyloniis
963 2000 1016 2058 (Na--

117 2064 208 2112 bardone,
226 2065 294 2114 Surae,
310 2062 467 2118 Pumbeditbae)
483 2064 599 2104 instaurata
615 2066 669 2112 sunt,
687 2064 787 2115 imprimis
803 2078 814 2103 a
830 2065 854 2104 R.
871 2064 926 2104 Abba
942 2060 1011 2103 Areon

118 2123 138 2181 (i
155 2122 207 2179 247]
227 2126 248 2164 et
268 2126 292 2167 Ii.
309 2123 376 2170 Arari,
398 2125 479 2165 scholae
500 2124 592 2165 Surensis
612 2127 690 2165 rectore
711 2122 731 2181 (i
747 2121 807 2180 427),
829 2125 878 2165 dum
896 2139 908 2164 a
927 2125 1011 2177 collegio

117 2187 262 2238 magistrorum
279 2186 431 2234 Pumbedithae,
448 2187 566 2228 auctoribus
581 2187 606 2225 R.
622 2186 701 2225 Abbino
717 2187 761 2227 sive
777 2184 868 2225 Robbirro
885 2183 906 2241 (i
923 2183 975 2242 499)
988 2187 1016 2225 vet

117 2248 142 2287 R.
159 2248 205 2287 Jose
227 2244 251 2303 (i
269 2243 324 2303 503)
345 2247 438 2287 absoluta
459 2250 513 2288 sunt.
546 2247 637 2294 Quorum
658 2247 772 2288 studiorum
794 2260 873 2288 summa
894 2242 953 2295 libro,
976 2247 1012 2297 qui

118 2309 202 2348 Gemara
213 2309 325 2359 Babylonia
340 2308 465 2356 inscribitur,
482 2308 626 2358 comprehensa
641 2309 676 2350 cst.
702 2308 782 2360 Exque
798 2308 850 2348 libro
867 2321 912 2348 cum
923 2308 1017 2347 Mischna.

118 2369 226 2409 coniuncto
245 2370 330 2409 lbirriod
345 2369 479 2421 Babylonium
496 2357 552 2424 (θ’-Ὦ
562 2364 589 2422 ¹¹¹³)
606 2370 662 2408 const
675 2373 690 2410 t.

179 2430 221 2470 Viri
237 2429 270 2469 illi
281 2431 335 2470 docti
346 2429 433 2478 Judaici,
451 2430 486 2481 qui
498 2444 509 2469 a
519 2431 616 2481 tempore,
633 2443 672 2481 quo
684 2430 772 2470 illischna
789 2430 880 2479 confecta
896 2432 930 2479 est,
947 2443 1011 2481 usque

117 2491 143 2530 ud
159 2491 220 2530 finem
236 2491 303 2541 quinti
320 2491 395 2530 saeculi
415 2491 437 2530 in
453 2504 476 2530 ea
491 2489 645 2542 interpretanda
660 2491 734 2530 versati
749 2492 803 2539 sunt,
825 2492 921 2531 Aeaei-aer
936 2487 1011 2547 (ionius,

117 2549 194 2607 rarior)
211 2550 349 2604 appellantur.

178 2671 204 2726 b)
220 2673 311 2713 blisenna
322 2673 421 2713 dividitur
433 2673 455 2713 in
471 2685 504 2712 sex
521 2672 583 2717 erupi?
599 2674 684 2721 ordines,
701 2674 737 2724 qui
752 2673 845 2725 inscripti
861 2675 909 2713 sunt
924 2673 1011 2713 nomini-

116 2735 165 2775 bus:
183 2730 238 2780 niti-q
255 2735 336 2781 seruire,
353 2729 401 2772 liii*
415 2734 472 2784 sesto,
489 2728 534 2779 uuir
550 2746 626 2782 uxores,
643 2735 690 2781 illl?
703 2735 777 2775 dotrina
790 2731 855 2781 0⁸le
865 2747 930 2783 sacro,
947 2731 1015 2780 turpio

113 2796 271 2847 purificationes.
298 2795 378 2846 Singuli
389 2795 469 2834 ordines
480 2794 501 2834 in
512 2799 613 2843 irrorares,
631 2795 652 2835 bi
663 2808 734 2836 rursus
744 2796 767 2835 in
778 2797 849 2847 capito,
865 2795 913 2835 baec
924 2796 1011 2846 denique

117 2858 138 2896 in
159 2868 242 2896 nicrinus
262 2857 305 2897 sire
326 2856 403 2896 decretu
424 2855 550 2896 dividuntur.
582 2856 678 2896 Universa
693 2857 783 2897 Miscbna
801 2862 827 2900 63
844 2857 950 2905 tractatus,
969 2862 1010 2899 523

118 2915 152 2974 (al.
170 2923 213 2960 524
230 2918 264 2958 vel
281 2913 333 2973 525)
351 2916 423 2968 capita,
441 2922 498 2960 4187
516 2929 596 2957 normas
612 2918 707 2958 continet.

179 2979 269 3028 semare,
287 2978 325 3018 etsi
336 2978 395 3017 uelut
407 2977 564 3017 commentarius
574 2978 676 3018 lliscbnae
692 2979 728 3026 est,
745 2981 813 3018 tamen
828 2991 868 3018 non
885 2990 954 3018 omnes
969 2978 1017 3018 eius

116 3040 216 3079 tractatus
237 3040 392 3091 interpretatur.
420 3039 488 3089 Atque
504 3038 684 3091 Hierosolymarius
701 3053 725 3080 ex
741 3040 814 3090 quinto
835 3039 905 3080 ordine
925 3039 1016 3088 nullum,

117 3114 140 3139 er
157 3105 212 3141 sexto
228 3114 293 3140 unum
309 3102 422 3141 tractatum
438 3099 511 3148 Nidda,
528 3112 551 3139 er
568 3100 640 3140 ceteris
656 3100 760 3141 ordinibus
776 3113 844 3141 omnes
860 3100 1012 3152 exceptisEdu-

113 3162 160 3213 joib
177 3163 197 3201 et
213 3161 272 3201 Pirke
288 3162 351 3202 aboth
366 3160 457 3212 exponit.
482 3159 595 3212 Babylonia
611 3174 635 3201 ex
651 3162 717 3213 primo
733 3161 803 3201 ordine
819 3175 884 3201 unum
900 3162 1014 3202 namnum
