2107 3321
342 774 552 861 Sarrumarium
576 793 679 874 operis

429 1064 592 1131 Proleecmcna

897 1133 956 1170 Pagina

17 1189 18 1192 ’
83 1187 98 1223 Ι.
111 1184 168 1222 Notio
181 1182 322 1229 archaeologiae
335 1180 417 1227 biblicae
427 1205 749 1217 ..............
759 1205 773 1230 ⁴.
793 1208 797 1218 .
818 1210 822 1218 ‚
841 1204 847 1216 .
944 1184 954 1219 1

76 1246 100 1284 ΙΙ.
113 1244 180 1283 Studia
192 1242 334 1291 archaeologiae
347 1241 428 1279 biblicae
454 1262 799 1279 ...............
819 1271 823 1279 .
843 1265 848 1276 .
908 1243 956 1280 1-5

68 1306 101 1344 iil.
114 1306 232 1343 Momentum
245 1303 387 1350 archaeologiae
399 1303 479 1340 biblicae
502 1327 848 1342 ...............
945 1306 956 1342 5

66 1366 99 1409 iV,
111 1368 180 1404 Fontes
194 1365 337 1413 archaeologiae
350 1363 431 1401 biblicae
454 1388 848 1401 .................
895 1366 956 1403 6-33

76 1429 99 1466 V.
113 1427 163 1465 Ordo
175 1425 266 1463 materiae
279 1425 392 1462 tractandae
405 1451 604 1463 .........
622 1428 624 1430 ’
624 1449 848 1464 ..........
883 1427 957 1464 33—34

435 1565 494 1618 Pars
514 1564 587 1632 prima

274 1676 322 1723 De
341 1675 614 1732 antiquitatibus
634 1677 745 1723 sacris

65 1778 92 1816 De
105 1778 197 1825 peculiari
209 1778 270 1815 forma
283 1779 340 1825 atque
353 1777 417 1815 inclole
429 1778 491 1814 cultus
505 1778 584 1816 iiosaici
599 1804 848 1817 ...........
883 1782 957 1819 36-40

64 1839 118 1884 Quae
126 1839 209 1876 rationes
217 1839 267 1876 inter
276 1850 303 1883 ea,
316 1850 364 1886 qnae
373 1838 459 1888 religioni
468 1839 559 1876 lllosaioae
568 1851 610 1876 cum
619 1839 742 1887 religionibus
751 1839 852 1887 gentilium

138 1900 247 1937 communia
259 1901 309 1946 sunt,
322 1900 441 1937 intercedant
455 1926 605 1938 .......
614 1891 616 1893 ’
625 1925 849 1939 ..........
883 1903 957 1940 40-47

393 2152 434 2197 De
452 2151 521 2197 locis
541 2151 628 2197 sacris

67 2249 94 2288 De
107 2252 151 2289 locis
164 2251 225 2289 cultui
237 2252 303 2289 (lirino
316 2254 361 2288 ante
374 2252 440 2289 lloscn
453 2252 529 2289 sacratis
551 2278 850 2291 .............
885 2255 959 2293 47-50

67 2314 133 2353 Sectio
146 2316 221 2362 prima.
240 2316 270 2353 Ile
282 2315 415 2353 tabernaculo
428 2317 516 2353 foederis
530 2340 850 2353 ..............
874 2316 959 2354 50-102

100 2374 145 2421 Gap.
175 2376 189 2411 l.
208 2375 235 2411 De
248 2375 345 2411 structura
358 2374 475 2412 tabernaculi
488 2374 567 2412 foederis
578 2400 851 2414 ............
886 2377 960 2415 51-58

101 2436 146 2483 Cap
166 2436 189 2472 il.
208 2436 236 2473 De
249 2435 368 2483 supellectile
377 2436 422 2472 atrii
432 2463 850 2476 ..................
886 2438 959 2476 58-62

100 2495 145 2544 Gap,
159 2497 192 2534 Hi.
211 2496 238 2534 De
251 2496 368 2543 supellectile
381 2498 484 2534 sanctuarii
506 2523 851 2535 ...............
887 2501 960 2537 62-71

100 2557 146 2605 (lap.
159 2559 191 2595 ui.
210 2558 237 2595 De
250 2558 364 2605 supellectile
378 2553 490 2595 sanctissimi
506 2584 852 2596 ...............
888 2561 961 2598 71-80

100 2619 146 2666 Cap.
166 2619 189 2656 V.
208 2619 235 2656 De
248 2618 338 2666 impensis
351 2619 372 2655 in
385 2619 527 2665 tabernaculum
539 2619 621 2656 iberleris
634 2619 689 2656 luctis
701 2644 852 2658 .......
886 2621 959 2659 80-81

101 2680 146 2728 Cap.
162 2680 192 2717 Vl.
212 2679 264 2724 Quae
273 2680 297 2716 cle
305 2681 426 2717 tabernaculo
439 2680 519 2717 loederis
527 2681 641 2728 procedente
654 2682 738 2728 tempore
748 2679 853 2716 acciderint
886 2678 961 2720 81-84'

101 2741 193 2789 CapVH.
212 2742 240 2778 De
252 2742 310 2779 variis
327 2741 447 2778 tabernaculi
464 2742 543 2778 l'oederis
561 2742 638 2788 eiusque
655 2752 744 2778 vasorum
761 2741 854 2789 significa-

147 2836 148 2839 ,
216 2803 302 2840 tionibus
312 2828 851 2841 .......................
886 2805 961 2842 84-94

102 2863 199 2911 Caplllll.
218 2864 285 2911 Opinio
297 2864 405 2900 criticorum
415 2864 524 2900 recentioris
533 2864 601 2900 aetatis
609 2864 755 2901 tabernaculum
763 2863 848 2908 foederis,

218 2926 270 2972 quod
287 2926 306 2962 in
324 2925 387 2962 codice
403 2925 513 2961 sacerdotali
526 2923 645 2969 describitur,
664 2925 688 2961 ad
706 2924 813 2971 excruplmn
831 2926 850 2960 et

217 2986 322 3035 imaginem
335 2987 402 3034 templi
414 2985 582 3034 Hierosolymitani
601 2986 704 3024 confictum
717 2997 757 3022 esse
770 2985 852 3022 diluitur
888 2988 961 3024 {ll-ei

101 3047 147 3095 unp.
165 3048 197 3084 ix.
216 3047 367 3085 Tabernaeulum
380 3047 482 3084 llosaicum
498 3058 557 3093 usqne
575 3047 599 3082 acl
617 3046 764 3084 exstructionem
781 3046 849 3094 templi

215 3110 277 3147 sedem
291 3111 352 3145 cultus
365 3108 426 3146 [livini
438 3108 496 3145 fuisse
509 3107 642 3158 clemonstatnr
652 3132 853 3146 .........
876 3110 961 3146 iii-102
