2147 3361
496 78 554 113 Arma
926 81 970 125 193

144 206 151 232 ¹
168 203 252 251 Quidam
269 202 385 242 existimant
401 204 452 243 hanc
468 201 544 244 4144144441
558 207 641 255 sur-carra
657 206 719 246 tuisse
736 206 823 254 41444444,
840 205 876 245 uhi
893 205 968 245 44444444

80 265 203 324 praetoriani
225 263 300 315 aliique
320 263 359 304 viri
381 266 482 315 praeclara
502 266 629 306 tortitudinis
652 267 710 306 1444444
733 267 829 306 celebrati
845 266 969 307 habitarent.

81 331 121 373 Alii
136 327 211 380 putant
232 321 260 365 ibi
276 324 405 365 iuventutem
420 326 624 378 Hierosoiprnitananr
644 327 669 366 ad
685 328 780 368 exercitia
795 327 891 367 militaria
912 327 968 366 incu-

60 385 62 388 ¹
81 392 153 437 14444444,
176 390 201 426 444
221 386 282 426 444444
302 385 403 438 peritique
424 387 529 428 bellatores
544 388 626 436 fierent3
649 388 723 440 quihus
739 392 858 429 veteranum
879 388 968 438 aliquem

80 451 200 503 magistrun]
211 447 328 499 praefuisse,
345 447 380 498 qui
391 448 466 488 tirones
482 449 544 488 444444
556 449 656 489 exercitiis
673 451 698 488 444
714 464 768 489 arma
779 449 884 489 tractanda
900 462 968 488 assue-

81 512 159 554 4444444.

141 580 317 638 2)’41444444444
334 578 439 637 (41444141)
460 585 503 621 4444
524 582 636 622 aedificium
657 583 720 623 4444444
740 583 822 623 maioris
843 582 966 622 semicirculi

81 645 224 691 constructum,
245 643 344 682 iri-scena
360 644 414 681 esset
434 643 456 682 in
471 643 568 683 diametro
590 644 632 684 4144
648 643 670 682 in
686 644 782 692 4444444,
804 657 843 694 qua
860 644 968 683 dimidium

81 705 148 747 circuli
164 704 278 743 finiebatur.
305 703 325 743 Si
342 703 381 743 duo
397 704 476 743 theatra
496 704 536 744 sibi
557 705 641 744 44144444
657 706 719 752 erant,
742 705 968 756 aruphitheatrun'r

81 762 241 824 (3ppr3tncpcr)
263 764 387 811 dicebantur,
410 764 464 815 quod
486 764 549 804 forma
569 761 622 805 orati
642 767 767 805 exstructum
792 769 839 813 4444,
863 770 886 804 444
909 779 968 805 scena

81 832 132 869 esset
147 827 168 866 in
185 825 305 865 meditullio.
332 825 391 865 Sedes
408 827 543 877 spectatorum
560 826 582 865 in
599 827 667 866 orbern
684 826 798 867 aedificatae
815 830 878 874 erant,
895 827 966 878 grada-

80 891 116 930 4444
133 887 219 927 altiores.
246 886 270 924 In
290 886 376 926 theatris
398 899 438 926 non
461 887 519 926 nrodo
540 886 651 926 comoediae
673 889 694 925 44
714 887 829 939 tragoediae
850 888 968 939 agebantur7

80 962 149 989 rerum
165 949 227 987 etianr
243 947 345 986 contiones
362 948 431 998 popuii
447 947 574 987 habebamur
591 948 691 1000 ablegati
707 948 859 999 excipiebantur·
875 945 967 1003 1414419,

82 1018 114 1054 29.
136 1008 233 1049 444134
251 1014 305 1056 1,3.
323 1014 342 1050 3
363 1008 433 1051 (torn
450 1008 508 1076 Nep
525 1008 593 1047 Timui
610 1005 657 1052 34.
679 1009 904 1056 ’14444441441311
923 1009 968 1048 Cic.

81 1072 112 1111 Or.
128 1083 165 1122 pro
182 1070 202 1110 44.
213 1069 282 1108 Flacco
299 1066 353 1121 41).
376 1069 535 1108 4444444444444444
551 1069 610 1109 1444144
621 1073 713 1121 gymnast
717 1069 758 1109 4444
775 1082 849 1119 eosque
860 1070 968 1121 sanguino-

79 1134 144 1173 lentos
165 1130 187 1169 in
207 1129 293 1169 theatris
314 1129 424 1178 faciebant·
447 1143 516 1169 44444
510 1130 615 1170 4144444444
639 1134 659 1169 44
679 1131 747 1170 hostes
764 1130 854 1182 eapitvoa
875 1130 969 1170 44144444

79 1193 149 1232 bestiis
170 1191 202 1230 vel
219 1191 272 1231 inter
289 1203 309 1230 se
325 1204 390 1241 usque
410 1191 434 1230 ad
451 1193 535 1230 44444444
552 1204 643 1243 pugnare
664 1194 701 1231 4444
721 1192 782 1231 etiam
798 1190 874 1242 proelia
889 1204 969 1241 reprae-

79 1256 157 1293 seniore
169 1252 272 1302 cogebant.
293 1244 439 1303 44144444114444
451 1264 553 1303 4144441444,
547 1253 572 1291 ab
589 1252 666 1292 Herode
678 1254 697 1291 414
689 1254 750 1304 [agno
767 1252 811 1291 ludi
821 1251 932 1291 bestiarum
949 1255 970 1291 44

80 1310 349 1369 ,41444114444144441444441444
361 1312 412 1355 4141
404 1320 437 1356 5
450 1318 499 1355 8
512 1312 557 1355 efl
549 1320 636 1361 19,1.
627 1332 643 1355 5.
657 1314 717 1361 4141,
731 1311 791 1365 41).
808 1312 873 1352 Verba
884 1314 970 1364 apostati

80 1347 482 1431 1444444,34.1141444411444
499 1370 579 1429 11444
600 1373 925 1426 4144144414444,4144444144·414444
945 1374 969 1414 de

80 1436 187 1475 ceratunine
207 1434 295 1485 atiquo
290 1437 320 1473 rnt
323 1435 419 1487 allegunt,
441 1435 521 1485 quoda
511 1415 615 1485 4144444444·
635 1438 689 1475 contr
674 1435 756 1475 4444414
755 1434 846 1475 r·ersrrios
863 1435 968 1474 acerbissi-

80 1509 121 1535 rnos
142 1496 211 1545 4414444,
234 1495 255 1534 id
276 1495 330 1546 quod
351 1495 482 1535 verisimilius
503 1495 594 1543 4444414441
616 1510 662 1535 nam
679 1496 740 1536 simili
761 1496 878 1546 metaphora
894 1496 969 1535 Pauhrs

80 1557 126 1596 aiibi
147 1569 228 1607 qnoque
248 1556 316 1595 44114444·
337 1553 365 1610 (11
380 1556 423 1595 'rim
440 1564 460 1603 4,
480 1554 513 1610 11)
535 1559 555 1596 44
575 1557 667 1608 ignatius
684 1559 761 1608 martyr
781 1557 803 1595 44
824 1570 853 1607 ep.
870 1557 895 1595 od
911 1557 968 1597 144444.

79 1618 119 1663 §5
110 1615 203 1670 1144811
226 1624 243 1666 5,
266 1624 314 1659 591.
337 1614 388 1672 601)
411 1617 495 1657 eandem
517 1618 654 1668 metaphoram
678 1618 775 1657 adhibens
797 1617 862 1658 locun]
886 1618 969 1657 allatum

80 1681 140 1729 metr
139 1678 190 1718 hor
184 1691 214 1718 44
225 1678 349 1718 444414444444
361 1678 451 1718 artetur
469 1675 952 1752 44141414411411441414144414414141

80 1739 184 1794 &crepare
201 1739 251 1781 4444.
267 1735 481 1795 144414444414444
496 1738 712 1796 441444444444114..
735 1741 764 1778 Dc
780 1741 882 1779 ttheoroc
881 1739 969 1790 1-44441444

78 1779 190 1851 qnodipse
208 1799 843 1851 1444144444444441144444444444444144146841444141444114,
860 1754 970 1851 (4414444411

80 1860 191 1901 8444444444
210 1867 272 1907 1381,
297 1867 420 1904 181-188.
447 1861 483 1901 Oui
502 1861 633 1912 descriptioni
653 1875 727 1914 magna
748 1861 772 1900 444
794 1874 814 1901 se
830 1861 927 1901 illiciendi
950 1868 969 1900 et

79 1922 193 1962 attrahendi
211 1923 242 1961 vis
261 1921 320 1961 inest.
348 1922 543 1974 Hippodrornus
563 1918 706 1979 11444414114ς)
728 1925 759 1961 444
780 1922 909 1969 curriculum,
931 1922 968 1961 ubi

78 1983 159 2031 44144444
175 1995 246 2022 currus
263 1985 304 2022 cert
296 1983 368 2022 tabant
383 1980 504 2037 (educabo
498 1983 578 2033 44414444
567 1996 604 2034 ap
595 1984 620 2022 444
637 1983 720 2023 Graecos
737 1984 804 2022 crebro
822 1995 865 2021 cunr
883 1996 968 2033 gymna-

79 2042 116 2091 444
137 2043 173 2083 ubi
194 2046 215 2083 44
234 2044 291 2095 pueri
309 2044 329 2083 et
349 2044 387 2083 viri
381 2056 484 2095 reorpora
506 2040 619 2098 (currendo,
640 2040 869 2098 1444441,4“4444144444)
891 2055 968 2082 444444-

79 2103 132 2149 bant,
120 2105 274 2157 teoniungeba
269 2106 315 2144 444444

143 2177 222 2217 344444
239 2178 305 2217 4114444
322 2152 611 2234 444144444444414411444
628 2175 667 2232 1414
687 2184 747 2226 16,
737 2174 968 2234 4.1),4·1444.4114·444

79 2234 141 2289 4441141
144 2236 248 2293 ,14144
268 2245 301 2281 21
319 2235 346 2294 8),
369 2241 479 2296 4444114144,
501 2247 538 2297 4114
558 2253 582 2280 a:
575 2239 710 2295 44441144,
734 2235 902 2293 14141431)
926 2252 968 2278 non

79 2296 192 2348 significant
208 2269 265 2339 ludbs
286 2299 358 2350 quinto
374 2313 454 2351 quoque
471 2313 529 2349 anno,
551 2301 585 2338 4444
602 2302 674 2350 quarto
690 2311 771 2350 4144441444
789 2312 840 2338 anno
857 2299 968 2339 celebratos

79 2370 127 2407 4444,
149 2360 165 2399 44
187 2360 212 2399 ad
228 2362 323 2400 nostrum
345 2373 404 2400 usunr
421 2361 518 2411 toquendi
538 2360 640 2412 respicias.
664 2360 748 2399 Eaedem
767 2360 863 2398 formulae
886 2360 909 2399 de
926 2373 968 2399 onr-

79 2419 138 2459 nibus
154 2421 214 2469 ludis,
236 2433 286 2472 quos
307 2434 343 2461 444
359 2423 431 2472 quarto
452 2434 532 2472 41444144
548 2434 601 2460 anno
617 2421 726 2461 celebratos
747 2433 788 2460 4444
805 2420 923 2469 diceremus,
944 2427 969 2460 ut

78 2478 103 2517 de
120 2481 221 2533 Olympiis,
238 2482 395 2534 usurpabantur.

139 2611 224 2658 11114
217 2611 307 2655 1411444444
330 2613 475 2656 Hebraeorum
497 2613 612 2670 peculiaria
635 2611 969 2655 4·4444444444444444441444444

77 2684 162 2726 constat
163 2684 273 2729 ,Procul
290 2685 355 2729 dubio
371 2686 526 2742 praecipuea
504 2686 582 2729 4441414444
602 2685 636 2728 444
652 2687 707 2736 sune,
731 2699 784 2740 414444
799 2683 890 2727 44444444
907 2699 929 2727 4·
930 2688 969 2728 ant

78 2753 968 2819 144144414444444454141444141414111444414414444444,14143,16)1444444444

78 2827 124 2870 tunr
140 2829 249 2888 chlamydi
265 2832 334 2875 44444414
354 2831 420 2875 fuisse
436 2832 525 2884 videtur,
546 2832 625 2882 4444444,
646 2829 701 2910 nodo
724 2829 802 2873 velfib
806 2829 840 2872 ula
856 2844 968 2883 4444444444,

78 2901 351 2961 4441444444441444444444444
371 2905 445 2948 444444
463 2902 783 2958 41444444144444444441444444,
810 2902 969 2957 041414414111-

77 2918 969 3037 11111311114,441114.444,414414,144441444444444141444641444144444444414

78 3043 174 3092 firmatae
195 3050 267 3103 4449,
284 3057 298 3099 4
318 3053 399 3095 urenae
417 3053 465 3097 fit2.
492 3050 660 3103 (1444444114,
677 3053 705 3096 33
727 3049 857 3091 memoratur
879 3050 969 3093 vestitus

81 3115 175 3174 1141144444,
197 3123 305 3182 insignior
328 3127 422 3167 444-4444444
444 3124 540 3167 militaris
562 3124 612 3167 4444
645 3120 742 3165 Ceterum
765 3120 791 3163 ab
814 3121 970 3179 antiquissimis
