2165 3388
117 127 161 171 704
380 121 427 159 Pars
441 123 473 159 lll.
494 122 625 169 Antiquitates
638 121 703 159 civiles

115 245 201 289 induere
216 248 312 303 possent,
334 246 401 289 varias
416 246 477 303 leges
499 260 572 303 easque
589 246 682 290 eximiae
704 245 829 303 prudentiae
849 245 899 289 tnl't
914 246 964 304 regi,
990 246 1014 289 si

116 328 188 376 postea
204 323 319 372 crearetur,
335 319 479 363 observandas
495 320 533 381 (m
549 323 581 376 17,
599 320 712 379 14-20);
881 377 884 382 ¹

176 393 194 452 a)
211 393 244 436 Ac
260 392 354 448 primum
373 392 462 450 quidem
483 393 561 443 statuit,
584 409 613 437 ne
633 394 724 451 populus
745 392 788 436 suis
806 392 913 451 suffragiis
934 407 1014 450 regem.

117 474 195 509 crearet
211 465 239 525 (r.
259 466 321 525 151);

175 539 196 598 b)
214 538 299 597 deinde1
316 553 360 581 non
375 538 487 591 feminam,
503 539 538 582 sed
554 539 626 583 virum
644 540 710 599 (quod
724 539 824 598 magistri
835 539 964 583 Judaeornm
981 554 1013 582 eir

117 612 217 655 inicabulo
243 612 326 670 „regim
349 612 515 673 seruauerant),
536 627 580 655 nen
603 613 753 671 alienigenam,
777 612 817 656 sed
839 613 957 656 Hebraeum
981 612 1014 655 ad.

116 684 171 728 banc
186 685 318 743 dignitatem
334 700 376 728 esse
388 685 511 729 vehendum
527 686 625 747 (1151)),
641 686 754 744 quodiam
771 686 839 729 unius
854 686 898 730 veri
914 685 945 729 dei
961 686 1009 729 onl-

116 762 157 811 tns,
173 758 208 814 qni
225 757 284 815 apud
300 762 384 816 gentem
400 760 492 803 electam
509 759 625 803 serrandus
641 761 691 811 erar,
707 760 842 816 postulabam

176 832 194 892 c)
210 835 266 884 tum,
282 846 361 874 neren
371 833 454 876 multos
471 847 534 889 equos
544 832 611 876 aleret
628 838 655 887 (v.
668 833 709 892 16).
731 832 815 885 Quibus
832 833 900 877 verbis
915 847 950 876 rex
962 847 1010 875 non

117 906 174 963 equis
193 906 227 949 uti
245 908 335 958 vetatur,
351 905 389 948 sed
410 907 499 948 tantum
513 906 586 950 multis
608 906 668 964 equis
684 906 720 950 nti.
747 905 814 950 Cuius
830 906 937 951 interdicti
951 906 1015 949 ratio

117 982 154 1031 est,
173 993 200 1022 ne
216 994 256 1022 rex
277 979 311 1022 rel
326 978 454 1035 repetendae
469 978 559 1038 Aegypti
575 980 691 1023 consilium
710 979 767 1023 ineat
789 980 825 1022 vel
848 979 926 1036 populo
947 979 1015 1022 oneri.

117 1053 145 1096 sit
165 1053 198 1096 rel
220 1068 282 1109 spem
304 1067 362 1095 snam
383 1052 455 1109 magis
478 1052 501 1095 in
522 1052 632 1108 praesidiis
653 1053 744 1097 externis
767 1068 835 1110 qnam
856 1053 879 1095 in
901 1052 937 1096 deo
960 1051 1014 1108 ipso·

118 1126 215 1177 collocet;

177 1199 198 1258 d)
219 1202 334 1256 praeterea,
356 1214 383 1242 ne
405 1214 445 1242 rex
466 1214 505 1255 pro
526 1213 583 1243 more
608 1198 728 1256 principum
748 1198 890 1243 orientalium
905 1212 1012 1255 magnum

117 1287 206 1315 uxorum
223 1273 338 1316 numerum
352 1272 444 1316 haberet
465 1274 562 1333 (111).
590 1271 650 1325 Quae
665 1273 699 1316 lex
715 1287 738 1316 eo
755 1272 848 1315 consilio
864 1272 907 1315 lata
922 1273 958 1324 est,
982 1286 1015 1314 ne
1047 1289 1048 1294 ¹

117 1359 175 1402 reges
191 1360 265 1389 amore
284 1360 374 1389 uxorum
389 1345 559 1403 alienigenarum
581 1346 642 1402 capti
661 1353 682 1390 et
701 1345 822 1394 effeminati
838 1345 919 1389 animos
939 1344 1014 1387 adeo

118 1421 238 1462 averterent
256 1433 310 1462 nere
325 1418 420 1462 fautores
436 1419 568 1463 idololatriae
589 1419 625 1463 vel
646 1420 711 1463 etiam
726 1419 819 1462 cultores
842 1419 937 1462 fictorum
957 1417 1011 1460 deo-

53 1541 54 1545 ,
117 1507 163 1535 rum
173 1491 259 1536 fierent.
279 1491 305 1535 ld
321 1491 376 1549 quod
387 1496 450 1535 docet
466 1492 584 1548 exemplum
596 1492 721 1545 Salomonis,
737 1492 774 1550 qui
792 1506 915 1535 sennarum
930 1490 1010 1534 alieni-

117 1579 220 1623 genarum
249 1565 319 1621 gratia
340 1564 448 1608 idolorum
475 1565 540 1609 cultui
561 1565 647 1609 addixit
673 1565 692 1625 (l
711 1564 744 1623 ng
767 1570 804 1617 11,
831 1570 904 1613 1-9,
929 1564 952 1608 ll
975 1563 1015 1621 gg,

118 1644 152 1691 13,
170 1639 213 1698 13)

176 1715 196 1770 θ)
214 1713 243 1756 ad
258 1712 305 1765 hoc,
324 1727 351 1756 ne
371 1727 410 1755 rex
432 1713 535 1755 thesauris
554 1711 698 1770 congerendis
716 1711 812 1755 inhiaret
834 1712 860 1771 (v.
878 1712 933 1770 llll.
962 1710 1015 1764 Qua.

118 1801 139 1829 re
155 1786 172 1829 ei
188 1785 328 1830 interdictum
343 1787 379 1838 est,
401 1800 431 1828 ne
446 1785 548 1842 populum
564 1786 641 1829 nimiis
657 1785 805 1829 exactionibus
822 1788 895 1828 oneret
910 1799 965 1828 neve
983 1800 1010 1827 ex

117 1859 191 1915 opibus
207 1859 245 1907 vel
260 1858 363 1902 thesauris
379 1859 492 1931 immensis
508 1858 564 1916 turpi
578 1859 642 1902 luxui
657 1874 679 1902 se
695 1858 768 1912 dedat;

174 1931 193 1991 f)
211 1931 304 1989 denique
319 1947 354 1975 rex
371 1931 488 1989 obligatur,
507 1930 853 1988 111Γ11111ι1ῦ11171111111ῳ1αν11911
873 1931 956 1975 divinae
975 1945 1013 1974 ac·-

117 2008 187 2049 ourato
204 2004 323 2062 descriptae
337 2019 411 2048 secum
426 2004 514 2048 liaberet
529 2007 549 2048 et
564 2007 669 2062 perpetuo
680 2005 762 2063 legeret,
782 2007 807 2066 nt
818 2004 940 2048 continuam
957 2003 1012 2046 reli=

117 2078 186 2135 gicnis
207 2080 230 2121 et
246 2078 338 2121 iustitiae
354 2092 430 2120 curam
450 2092 521 2135 gerere
533 2065 691 2135 ¹popularesque
705 2072 754 2121 'non
772 2078 831 2131 dure,
852 2077 887 2121 sed
903 2092 950 2120 eum
968 2077 1013 2119 1111-ι

117 2151 221 2195 manitate
230 2153 259 2203 ¹et
275 2151 440 2194 mansuetudine
455 2166 525 2209 regere
540 2151 632 2195 disceret
648 2153 675 2212 (r.
693 2155 796 2211 18-20).

176 2265 229 2312 auin
247 2267 309 2305 verba
323 2265 356 2305 illa
372 2264 422 2297 ΠἾΊΠ
439 2260 490 2297 1111173
505 2265 627 2317 significent
644 2266 666 2304 in
677 2265 812 2305 controversia
823 2266 919 2305 versatur.
938 2264 1011 2304 Graeci

117 2327 198 2378 quidem
210 2326 340 2382 Alexandrini
355 2325 534 2365 Deuteronomium
551 2326 703 2375 intellexerunt,
718 2339 765 2366 oum
783 2327 931 2383 beoreporo'prov
947 2330 1015 2368 τοῦτοΔ

117 2388 222 2427 verterint.
249 2384 304 2427 Idem
319 2387 458 2438 Hieronymus
475 2388 558 2427 sensisse
575 2388 663 2435 ridetur,
685 2387 778 2438 quamvis
800 2387 861 2426 verba
876 2387 1010 2436 „deuterono-

117 2450 179 2488 mium
196 2448 262 2500 legis‘
284 2444 341 2499 plane
361 2448 471 2499 perspicua
490 2460 529 2487 non
549 2448 598 2489 sint.
625 2449 643 2488 Ii
662 2461 739 2500 quoque
755 2448 883 2499 interpretes,
905 2448 941 2499 qui
958 2441 1014 2479 ³³²³*

117 2505 158 2542 ΓΜ
175 2510 229 2543 min
254 2510 352 2559 eaeraplnr
368 2509 417 2561 lepis
434 2508 500 2560 illesis
521 2509 575 2560 qnod
596 2509 658 2549 Josna
679 2509 782 2564 lapidibus
804 2509 906 2561 inscripsit
926 2507 974 2560 (Jes
991 2512 1013 2557 8,,

119 2570 161 2624 32),
177 2572 248 2610 toturn
263 2570 443 2610 Deuteronominm
460 2582 502 2609 esse
512 2570 637 2619 existimant,
653 2571 722 2610 dicunt
738 2570 802 2610 eliam
819 2571 861 2622 regi
877 2572 943 2610 totum
955 2568 1011 2607 Den-

116 2631 253 2672 teronomium
276 2630 430 2672 describendum
452 2630 518 2670 fnisse.
547 2631 576 2670 At
598 2632 718 2672 vocabulum
738 2632 789 2664 nain
812 2644 910 2684 nusquam
934 2642 1011 2669 nomen

117 2692 223 2745 proprium
239 2693 302 2731 totius
319 2691 472 2731 Deuteroncmii
487 2692 571 2731 exstitit.
600 2693 669 2743 Neque
685 2692 737 2743 quod
753 2691 837 2732 rabbini
852 2692 974 2744 posteriores
989 2690 1015 2730 id.

117 2754 176 2788 Π11ΠΠ
193 2748 247 2786 W>
267 2754 427 2804 appellaverunt,
447 2752 492 2792 ideo
511 2753 691 2793 Deuteronominm
711 2754 833 2805 intellegere
848 2754 937 2803 oportet3
962 2764 1011 2790 nam

117 2829 139 2855 ea
154 2815 266 2867 appellatio
282 2814 378 2854 recentior
396 2815 429 2853 est
444 2826 509 2864 neque
524 2813 637 2865 quidquam
653 2814 707 2854 aliud
722 2814 822 2866 exprimit
837 2814 876 2853 nisi
891 2813 1010 2866 opinionem

117 2877 250 2916 rabbinorum
266 2872 308 2931 (sed
324 2888 364 2915 non
382 2871 491 2930 omnium),
511 2888 550 2925 qua
572 2875 621 2915 locis
642 2876 668 2915 Dt
687 2883 716 2924 17,
737 2882 763 2918 18
788 2876 808 2914 et
829 2875 863 2915 Jos
880 2881 898 2923 8,
916 2880 943 2917 32
967 2873 1014 2911 illis

118 2938 183 2978 verbis
201 2937 381 2977 Deuteronomium
399 2935 505 2988 significari
519 2937 602 2987 putant.
629 2937 702 2987 Utique
717 2937 748 2976 Ps.
767 2936 869 2976 Jonathan
885 2937 910 2976 nt
929 2940 964 2982 11,
983 2940 1009 2975 111

118 3011 157 3039 non
177 3000 248 3038 totum
263 2997 449 3045 Deuteronomium
473 2997 505 3036 sed
529 2996 655 3047 „sectionem
670 2999 719 3049 legis
735 2998 812 3037 huius“
834 2998 846 3038 i.
862 3010 877 3037 e.
897 2997 964 3049 legem
986 2994 1010 3032 de

117 3073 163 3113 rege
179 3060 209 3099 Dt
223 3065 255 3106 11,
271 3064 353 3101 11-20
370 3058 480 3098 intellexit.
500 3058 527 3097 Ex
543 3070 590 3097 men
606 3058 698 3110 opinione
708 3058 880 3098 verisimillimum
895 3064 926 3097 est
936 3058 1010 3109 penta·
1040 3082 1041 3085 =

117 3123 186 3174 logum
204 3121 267 3160 blesis
288 3117 322 3176 (Dt
343 3129 361 3168 t,
383 3126 448 3167 1—-7,
468 3117 507 3173 11),
529 3120 565 3170 qui
588 3120 668 3171 proprie
689 3120 749 3154 unna
772 3121 856 3159 vocatur
877 3116 910 3173 (nt
928 3125 948 3167 4,
967 3113 1014 3169 44),

117 3181 279 3234 intellegendum
294 3193 341 3221 esse.
362 3180 418 3220 Nam
428 3181 547 3233 pentalogus
565 3185 598 3220 est
614 3180 709 3232 scriptum
721 3181 815 3221 omnium
831 3193 933 3220 sacrorum
945 3178 1014 3217 libro-·
