2165 3388
88 83 135 127 339ss
386 77 431 113 Pars
444 77 458 113 I.
480 76 611 138 Antiquitates
624 89 686 115 sacrae

155 201 175 246 1,
192 202 215 258 o)
233 200 303 257 Atque
313 200 434 244 Herodotus
450 200 564 244 memoriae
576 201 642 245 tradit
657 215 726 244 orrrracs
736 201 851 259 Aegyptios
861 200 933 244 virilia
944 200 983 243 cir-

92 273 217 319 cumcidere.
233 274 287 317 Hist.
304 278 323 325 2,
341 278 380 322 36:
403 273 435 319 Τά
456 273 523 321 αἰδοῖα
543 276 610 321 ὧλλοι
631 281 667 336 μέν
687 275 740 326 ἐῶσι,
762 276 788 326 ὡς
809 275 908 332 ἐγένοντο,
929 278 984 336 πλην

88 349 137 394 -όσοι
153 349 193 393 ἀπὸ
210 352 285 395 τοότων
301 346 518 407 {perornamus
539 352 560 394 δέ
580 354 739 409 περιτάμνονται.
771 347 798 390 Et
814 351 834 399 2,
851 351 890 395 37:
913 348 945 393 Τά.
961 352 983 393 δὲ

92 421 158 467 αἰδοῖα
173 426 328 481 περιτάμνονται
345 412 468 480 (Αἰγύπτιοι)
485 427 637 483 καθαριότητος
653 421 724 467 εἵνεκεν
733 424 747 465 1.
778 419 806 462 Et
821 426 841 472 2,
859 425 903 468 1041
919 436 930 464 e
946 436 984 464 sua

91 496 114 537 et
129 493 267 548 ¹ludaeorum,
284 493 322 550 qui
341 495 394 537 tunc
414 496 482 548 erant,
499 494 605 538 sententia
626 495 652 538 ab
674 493 786 551 Aegyptiis
808 496 888 537 ceteras
909 496 984 552 gentes

88 566 275 611 circumcisionem
292 566 389 610 didicisse
406 566 510 620 affirmat3
530 568 608 614 Μοῦνοι
623 574 701 615 πάντων
717 569 833 627 ἀνθρώπων
850 567 933 629 Κόλχοι
949 572 984 613 καὶ

92 641 198 699 Αίγόπτιοι
218 646 253 687 καὶ
273 640 373 693 Αἰθίοπες
394 648 548 703 περιτάμνονται
570 642 677 703 ἀπ’όιρχης
697 645 722 686 τό.
746 641 818 687 αἰδοῖα.
850 641 945 693 Φοίνιιιες
962 644 984 686 δὲ

92 719 126 760 καὶ
138 713 207 772 Σύριοι
218 713 237 759 οἱ
248 714 268 759 ἐν
280 713 408 775 Παλαιστίνῃ
426 713 447 774 (i.
459 729 475 759 e.
487 713 572 772 Judaei)
589 718 623 760 ααὶ
637 715 693 761 οὗτοι
708 714 832 774 ὁμολογοῦσι
843 714 892 774 παρ’
903 715 984 772 Adrou*

89 793 138 833 τίων
155 791 323 848 ,rapacanina
356 785 424 839 Quem
439 787 543 831 Herodoti
563 786 633 829 locum
650 785 757 843 Josephus
777 787 810 830 bis
830 790 985 830 commemorat

89 863 113 904 ot
129 860 188 922 addit
204 860 241 904 AJ
258 865 278 913 8,
296 864 330 907 10.
347 865 372 907 3:
392 861 461 922 Δηλον
482 861 516 907 οὖν
533 862 591 912 ἐστιν,
610 861 640 907 ὅτι
657 864 741 921 μηδένες
757 862 819 907 ἄλλοι
834 866 985 922 περιτέμνονται

92 945 130 981 τῶν
153 934 174 979 ἐν
196 945 221 995 τῇ
238 935 366 994 Παλαιστίνῃ
387 935 456 992 Σάρων
476 936 489 995 ἢ
511 940 567 993 μόνοι
583 936 647 997 ἡμεῖς,
670 932 723 990 Gap
741 938 759 986 1,
776 938 815 981 22:
837 933 882 980 Τῶν
905 939 926 980 δέ
948 939 984 994 την

93 1008 231 1067 Παλαιστίνην
247 1012 394 1055 canciacense
411 1013 469 1067 μόνοι
484 1016 542 1053 τοῦτο
558 1016 647 1053 ποιοῦσιν
659 1005 759 1059 Ἰουδαῖοι,
773 1021 842 1063 neque
853 1021 902 1050 vero
914 1006 985 1050 ullum

89 1079 119 1123 de
140 1080 308 1123 circumcisionis
329 1080 412 1137 origine
433 1079 521 1122 verbum
542 1079 646 1137 adiungit,
663 1094 689 1123 ex
710 1094 752 1136 quo
773 1079 829 1123 effici
848 1082 920 1135 potest
936 1094 985 1122 eum

92 1152 198 1196 Herodoti
213 1152 331 1196 sententiae
348 1152 480 1209 adstipulari.

155 1248 194 1292 Sed
210 1264 257 1293 non
272 1248 336 1292 modo
352 1248 479 1302 Herodotus,
495 1263 569 1293 uerum
585 1249 649 1293 etiam
665 1249 760 1307 plerique
776 1249 813 1293 alii
828 1264 900 1293 rerum
917 1250 984 1307 scrip-

92 1326 149 1366 tores
166 1324 187 1365 ct
207 1322 331 1379 philosophi
356 1322 470 1381 gentilium
492 1322 674 1366 circumcisionem
695 1322 721 1366 ab
744 1322 856 1381 Aegyptiis
878 1323 985 1382 originem

89 1396 178 1439 <duxisse
199 1395 339 1453 contendunt.
371 1396 437 1439 Velut
456 1394 564 1447 Diodorus
587 1395 675 1448 Siculus,
691 1395 746 1439 Bihl.
763 1396 812 1442 hist.
830 1401 848 1448 1,
865 1401 907 1451 28,
924 1400 985 1454 post-

90 1485 158 1527 quam
174 1469 269 1513 Judaeos
283 1471 304 1512 et
322 1468 411 1513 Colchos
427 1469 453 1512 ab
470 1469 568 1528 Aegypto
584 1469 691 1526 profectos
710 1483 754 1512 esse
776 1469 836 1522 dixit,
852 1469 905 1513 haec
920 1471 985 1514 verba

90 1543 163 1586 addit:
180 1543 217 1588 Διὸ
232 1548 268 1589 οιαὶ
283 1548 338 1602 παρὰ
354 1553 397 1595 τοῖς
412 1549 477 1600 γένεσι
492 1548 571 1594 τοότοις
588 1544 611 1589 έν.
627 1547 715 1589 παλαιοῦ
729 1547 885 1602 παραδεδόσθαι
896 1550 918 1590 τό
929 1553 985 1603 περι-

94 1623 170 1677 τέμνειν
186 1621 234 1668 ecoe,
254 1622 379 1677 γενομένους
399 1620 478 1668 παῖδας,
495 1617 517 1668 ἐξ
533 1614 635 1674 Αἰγόπτοο
657 1622 825 1677 μετενηνεγμένου
842 1625 877 1663 τοῦ
894 1621 985 1678 νομίμου.

93 1689 155 1734 idem
170 1689 236 1732 tradit
253 1688 324 1733 Celsus
340 1689 397 1746 opud
414 1688 500 1747 Origen.
521 1689 542 1733 (l.
559 1687 611 1736 Cels,
628 1694 647 1741 1,
664 1693 699 1737 22.
715 1688 780 1733 MSG
797 1693 831 1741 11,
848 1693 898 1736 697.
915 1689 986 1732 Etiam

90 1763 194 1806 Julianus
211 1762 267 1819 apud
284 1761 356 1818 cyrill.
372 1762 432 1809 Alex.
450 1761 472 1806 C.
488 1762 532 1809 Jul.
548 1762 561 1805 l.
580 1766 613 1809 10.
629 1762 657 1805 ib.
673 1766 708 1814 76,
725 1765 783 1810 1015
794 1761 909 1815 Abraham,
920 1763 985 1815 Isaac,

90 1836 162 1880 Jacob
180 1835 346 1879 circumcisionis
367 1850 448 1879 morem
464 1851 475 1879 e
492 1835 617 1879 commercio
635 1850 683 1879 cum
699 1834 811 1894 Aegyptiis
828 1834 925 1878 didicisse
940 1850 985 1878 me-

93 1910 174 1953 moriae
190 1909 268 1966 prodit.

156 2000 268 2044 Praeterea
288 2001 471 2044 circumcisionem
492 2000 604 2060 Aegyptiis
625 2003 700 2044 notam
721 2000 784 2043 luisse
804 2001 912 2042 testantur
927 2000 986 2058 Aga7

91 2073 218 2118 tharchides
234 2074 318 2134 (Geogr.
340 2073 411 2122 Graec.
426 2074 478 2121 min.
500 2074 531 2117 ed.
548 2073 569 2117 O.
585 2073 664 2117 bl'uller
680 2073 696 2125 l,
715 2073 772 2133 154),
794 2072 838 2129 qui
851 2072 987 2131 troglodytas

93 2153 191 2207 καθάπερ
207 2147 327 2205 Αἰγυπτιους
343 2148 419 2200 πάντας
436 2146 569 2190 circumcisos
591 2161 634 2190 esse
651 2146 713 2197 dicit;
729 2146 842 2192 Barnabas
859 2146 934 2206 (Epist.
951 2162 986 2190 ca-

94 2220 147 2268 thol.
164 2234 181 2265 c.
197 2224 218 2267 9.
234 2218 295 2264 MSG
312 2224 330 2271 2,
348 2220 411 2281 752)
427 2218 470 2265 Καὶ
486 2219 591 2267 Aboram
607 2221 627 2267 έν
643 2229 743 2280 περιτομῇ
760 2220 806 2270 elom
823 2219 921 2263 Clemens
937 2219 986 2263 Ale-

92 2292 212 2336 xandrinus
234 2292 320 2352 (Strom.
337 2297 356 2343 1,
374 2296 408 2340 15.
423 2292 452 2336 ib.
468 2297 488 2346 8,
507 2292 565 2351 768),
587 2293 625 2335 ubi
645 2290 780 2350 Pythagoras
802 2291 986 2337 circumcisionem

91 2367 175 2410 subisse
192 2366 275 2419 dicitur,
291 2369 316 2409 ut
331 2366 413 2409 aditum
430 2366 457 2409 ad
472 2367 584 2423 mysticam
600 2366 757 2423 Aegyptiorum
772 2365 932 2423 philosophiam
947 2366 986 2409 ha-

93 2440 163 2491 beret3
181 2439 306 2483 Ambrosius
324 2439 363 2497 (De
379 2439 489 2483 Abraham
505 2444 525 2492 2,
543 2443 576 2486 ll.
593 2438 657 2483 MSL
675 2443 708 2491 14,
720 2443 778 2497 493),
795 2438 832 2496 qui
848 2454 874 2482 ex
890 2454 987 2496 quorun-

91 2513 143 2556 dam
158 2512 284 2556 testimonio
305 2512 371 2555 tradit
391 2513 448 2569 apud
468 2512 587 2570 Aegyptios
607 2528 653 2556 non
669 2512 739 2555 solum
754 2512 852 2565 marium,
869 2513 906 2556 sed
921 2512 987 2555 etiam

93 2586 224 2630 feminarum
240 2585 345 2642 genitalia
361 2586 484 2629 circumcisa
499 2601 553 2638 esse3
569 2585 611 2632 alii.
642 2586 702 2629 ldem
722 2601 748 2629 ex
766 2586 914 2630 monumentis
930 2586 987 2629 anti-

92 2660 143 2717 quis
159 2659 182 2703 in
199 2659 299 2718 Aegypto
316 2658 397 2703 effossis
413 2662 501 2716 apparet
509 2664 523 2707 ³,

159 2773 166 2798 1
178 2772 334 2814 circumcisione
351 2774 405 2813 enim
421 2775 553 2825 praecavetur
569 2770 649 2829 ἄνδραξ
665 2773 706 2814 sive
717 2774 800 2814 morbus
812 2773 937 2820 carbunculi,
950 2773 986 2824 qui

95 2835 117 2873 in
137 2833 208 2874 calidis
229 2833 348 2887 regionibus
365 2847 389 2873 ex
405 2834 540 2874 immunditiis
557 2834 595 2873 sub
610 2834 717 2887 praeputio
733 2833 861 2886 congregatis
876 2834 898 2873 in
915 2834 988 2887 glande

95 2895 181 2935 membri
197 2896 263 2935 virilis
280 2894 346 2934 oritur
362 2897 383 2934 et
397 2895 489 2936 mortifer
500 2897 537 2935 est.
560 2894 624 2941 Quare
635 2895 690 2947 apud
700 2896 776 2935 Arabes
787 2895 913 2935 circumcisio
925 2895 988 2935 etiam

94 2970 149 2996 nunc
166 2957 231 3009 ,όαάιλιγ
249 2956 311 3009 totlrlr
327 2952 364 3011 (=
375 2954 477 3012 purgatio)
494 2955 613 3008 appellatur.

159 3065 397 3108 2Sanohoniathon
413 3068 486 3117 autem,
502 3066 652 3107 vetustissimus
668 3078 736 3106 rerum
752 3065 908 3106 Phoenicierum
924 3067 987 3118 scrip-

95 3130 133 3179 tor,
156 3129 264 3168 memoriae
285 3127 349 3167 tradit
368 3128 477 3168 Phoenices
502 3127 659 3168 circumcisionis
684 3122 803 3167 institutum
824 3127 849 3167 ad
869 3128 987 3176 Saturnum,
