2147 3361
421 92 486 129 Officia
500 80 618 129 sacerdotum
924 94 968 138 175

136 216 188 260 Cum
204 215 272 276 igitur
288 216 322 259 tot
338 214 409 258 officia
425 214 568 259 sacerdotibus
583 216 733 259 incumberent
748 215 807 272 iique
823 213 864 257 soli
880 212 968 270 propius

72 291 101 336 ad
112 289 197 334 Jahren
213 287 341 342 accederent,
357 288 485 332 auctoritate
500 288 617 346 plurimum
627 289 739 336 calebant.
763 287 825 342 Quod
842 302 868 330 ex
885 301 911 331 eo
920 286 968 343 ipso

72 364 167 423 apparet,
183 363 241 419 quod
257 378 339 420 semper
348 364 393 405 und
410 377 458 405 cum
469 362 578 419 prophetis
594 366 616 407 et
631 362 765 420 principibus
780 360 856 419 populi
873 374 967 404 comme-

73 438 187 482 morantur
208 435 238 496 (11
253 436 288 493 Rg
308 440 343 492 23⁵,
360 439 380 482 2.
407 436 443 479 Jes
464 440 499 488 28,
516 441 535 492 7.
561 435 598 480 Jer·
614 441 635 489 2,
651 441 670 484 8.
692 440 732 486 26ς
755 440 775 488 4,
792 440 812 483 9.
829 434 854 478 al.
872 433 968 488 1111113,

76 515 110 559 11,
127 508 184 567 Zeph
201 513 220 562 3,
232 510 260 570 4).

79 602 80 605 ’
139 598 197 638 111111
215 605 272 649 10,2
291 599 315 639 de
331 599 411 640 duabus
426 599 482 640 tubis
498 600 559 639 sacris
575 600 648 652 agitur,
669 598 717 650 quia
732 601 777 639 tum
798 598 838 637 duo
855 598 968 637 sacerdotes

76 659 177 711 simplices
193 662 256 700 erant.
277 661 350 701 Postea
366 662 465 701 crescente
481 673 565 701 numero
581 661 713 700 secerdotum
724 671 822 699 numerus
835 672 916 710 quoque
932 660 967 698 tu-

73 723 147 763 barum
164 717 283 772 augebatur.
313 722 419 762 Praeterea
434 722 496 762 etiam
511 722 573 761 tubae
588 735 630 762 non
647 733 714 760 sacrae
730 722 793 767 erent,
815 720 890 770 quibus
906 732 968 759 sonus

74 782 131 823 tubis
147 782 208 821 sacris
230 782 297 822 editus
317 783 412 834 exceptus
433 796 474 822 esse
490 782 576 831 videtur,
597 782 672 833 quippe
689 793 734 821 cum
751 781 803 820 duae
818 780 880 820 tubae
896 781 921 820 ad
937 782 969 820 tot

75 842 165 884 homines
181 844 292 883 evocandos
308 856 349 883 non
364 844 485 884 sufficerent.
518 843 584 883 Unum
602 845 671 883 autem
687 842 743 882 tubis
759 841 821 882 sacris
837 840 967 890 efficiebatur,

74 904 129 955 quod
145 903 202 943 tubis
218 905 306 955 profanis
321 918 362 944 non
378 905 507 953 efficiebatur,
523 906 548 944 ut
559 904 662 944 Israelitae
673 903 749 943 Jahrae
764 903 787 942 in
802 902 921 942 memoriam
936 916 967 960 re-

75 966 200 1006 vocarentur.
600 977 602 982 ⁸

138 1049 252 1098 2r01000,
269 1063 309 1100 quo
325 1049 346 1088 in
358 1050 424 1090 vetere
440 1051 562 1090 testamento
580 1049 604 1089 de
620 1047 760 1089 sacerdotibus
776 1048 910 1088 instituendis
926 1048 969 1100 agi-

74 1113 116 1159 tur,
132 1123 173 1149 non
184 1111 350 1150 commemoretur
366 1112 387 1149 et
402 1111 454 1151 illud
469 1124 540 1150 eorum
550 1111 641 1151 muneris
658 1122 700 1149 esse
711 1109 866 1150 multitudinem
882 1109 969 1150 erudire.

74 1171 158 1212 Atiam
174 1171 202 1211 br
220 1178 253 1220 10,
273 1178 343 1214 9-11
361 1171 424 1212 Jaeve
435 1172 502 1212 Aaron
525 1172 610 1222 eiusque
626 1171 678 1210 filios
694 1184 706 1209 a
722 1172 769 1211 vino
786 1171 807 1210 et
822 1169 918 1211 omnibus
933 1183 969 1222 po·

74 1233 137 1279 tibus,
161 1231 235 1282 quibus
251 1232 303 1273 ebrii
318 1233 361 1272 ficri
376 1235 464 1283 possent,
486 1232 667 1283 quotienscumque
689 1232 711 1270 in
732 1232 864 1272 tabernaculo
885 1245 969 1272 munere

75 1306 112 1334 suo
129 1293 267 1344 fungerentur,
284 1293 383 1333 abstinere
399 1294 465 1342 iussit,
481 1294 506 1333 ut
520 1293 574 1333 inter
590 1294 683 1333 sanctum
700 1294 720 1332 et
730 1292 844 1344 profanum,
859 1293 915 1332 inter
925 1294 969 1344 pol-

76 1355 144 1394 lutum
155 1355 175 1406 et
186 1355 283 1394 mundum
300 1354 412 1394 discernere
428 1356 449 1394 et
464 1353 516 1394 filios
531 1354 594 1394 Israel
611 1354 678 1393 omnia
695 1366 732 1393 sua
746 1355 861 1405 praecepta,
878 1366 929 1404 quae
940 1354 969 1394 eis

75 1428 110 1456 ore
126 1414 186 1454 blesis
202 1415 345 1461 nuntiavisset,
361 1415 432 1455 docere
442 1416 531 1466 possent.
553 1416 618 1462 Quare
630 1414 715 1454 dubium
725 1427 767 1454 non
783 1416 820 1464 est,
836 1414 887 1465 quin
904 1427 968 1455 sacer-

74 1477 148 1515 dotum
164 1475 237 1516 veteris
253 1476 369 1516 testamenti
391 1476 453 1516 fuerit
475 1488 558 1516 munere
578 1476 725 1528 magistrorum
740 1476 804 1527 fungi.
836 1476 876 1514 Pro
893 1478 933 1527 qua
948 1490 969 1516 re

73 1540 96 1577 et
112 1536 147 1577 alii
161 1537 201 1576 loci
215 1537 313 1577 librorum
330 1536 390 1576 litosis
407 1537 473 1577 afferri
488 1539 580 1588 possunt,
601 1538 618 1577 si
634 1536 754 1588 respicimus
770 1537 792 1576 in
807 1536 911 1587 republica
928 1537 968 1576 He-

76 1599 184 1638 braeorum
200 1598 261 1637 etiam
277 1598 346 1638 civiles
361 1598 416 1649 leges
432 1598 552 1649 religionem
567 1611 616 1649 prae
632 1610 654 1637 se
669 1597 775 1645 habuisse;
793 1597 967 1640 valerianam

79 1665 147 1706 -·14;
166 1664 198 1707 15,
212 1664 245 1701 31.
272 1660 298 1697 Dt
315 1665 349 1707 20,
367 1665 434 1706 2—43
454 1664 487 1707 24,
500 1664 529 1707 83.
547 1665 581 1707 27,
596 1666 606 1701 9
619 1672 638 1707 51
657 1664 690 1706 31,
704 1665 783 1701 9—13.
815 1657 867 1698 Item
883 1658 969 1699 historia

76 1720 213 1760 Hebraeorum
232 1722 321 1760 testatur
340 1720 453 1760 sacerdotes
474 1732 552 1771 semper
568 1720 767 1772 magistrospopuli
783 1719 908 1760 existimatos
925 1733 969 1760 esse

76 1783 97 1820 et
113 1781 138 1820 ob
161 1780 182 1819 id
203 1794 276 1833 magna
299 1780 419 1820 auctoritate
435 1780 531 1820 floruisse.
563 1781 621 1821 Falsa
643 1781 673 1820 est
695 1781 770 1830 opinio,
793 1793 838 1819 cum
858 1782 969 1833 prophetae

76 1841 205 1888 exsistebant,
230 1842 356 1881 sacerdotum
377 1854 462 1885 munus,
475 1841 558 1881 docendi
579 1842 677 1882 abolitum
699 1840 768 1881 fuisse.
803 1841 833 1880 Ex
853 1841 910 1880 nullo
925 1843 969 1881 loco

76 1902 151 1942 veteris
171 1903 289 1942 testamenti
309 1902 360 1942 effici
380 1904 446 1953 potest
466 1902 574 1953 prophetas
598 1903 725 1942 sacerdotnm
746 1915 820 1941 munus
837 1902 921 1942 docendi
937 1904 970 1945 vel

75 1977 118 2004 non
133 1963 238 2015 agnovisse
253 1964 285 2003 vel
301 1963 437 2015 impugnasse.
460 1963 529 2002 Nihilo
546 1963 609 2016 magis
626 1963 760 2003 demonstrari
771 1965 840 2014 potest
855 1965 968 2004 sacerdotes

77 2036 151 2064 munus
168 2024 253 2063 docendi
269 2024 308 2064 sibi
323 2036 430 2075 arrogasse.
441 2048 471 2052 —
483 2023 526 2070 Qua
542 2024 566 2063 de
582 2038 603 2064 re
619 2024 687 2063 videas
703 2026 726 2062 A.
743 2024 912 2073 Eberharter,
930 2026 968 2065 Der

76 2085 148 2124 Itanon
159 2084 193 2124 des
209 2085 266 2125 alten
276 2085 401 2125 Testaments
416 2098 452 2125 nur
463 2085 506 2124 Zeit
516 2085 551 2124 des
562 2086 604 2125 Ben
615 2085 661 2124 Sira
675 2082 720 2140 (Ati
730 2085 776 2124 Abh
786 2085 823 2132 III,
836 2081 857 2140 3)
874 2091 969 2130 57-77.

136 2192 170 2236 ΙΙ.
202 2189 235 2233 Ne
251 2190 362 2234 servitium
384 2206 467 2234 sacrum
490 2191 686 2247 interrumperetur,
710 2190 829 2234 sacerdotes
851 2191 968 2234 secundum

18 2295 19 2298 η
75 2253 167 2306 familias
184 2263 241 2323 (einp
252 2264 295 2323 tle)
307 2280 355 2307 suas
370 2263 394 2306 in
409 2264 487 2322 viginti
502 2264 605 2321 quattuor
621 2264 696 2307 classes
707 2258 801 2325 (niptris,
813 2263 902 2316 1111111111,
919 2266 969 2325 ἐρη-

78 2342 148 2398 peptm,
165 2340 245 2399 κλῆροι,
262 2341 353 2398 polluant
369 2336 428 2380 LXX
441 2339 465 2381 'et
480 2337 509 2379 hc
527 2341 545 2388 l,
559 2341 579 2385 5.
591 2342 609 2382 8.
627 2342 714 2397 ratpert,
732 2340 852 2399 ἐρηρερίδες
874 2337 917 2382 Jos.
928 2337 966 2381 nl

62 2414 96 2465 ’7,
115 2414 148 2457 14.
161 2414 180 2456 7.
206 2409 249 2454 Vit.
266 2412 277 2468 ξ
294 2411 315 2470 1)
326 2414 340 2463 1,
361 2409 425 2454 avitis
444 2409 576 2453 familiarum
592 2410 716 2453 nominibus
736 2410 853 2469 insignitas
870 2411 968 2470 (sedecim

75 2482 187 2542 efamrilia
202 2483 293 2535 llleazar,
317 2485 364 2526 octo
388 2498 399 2527 e
420 2483 503 2526 familia
519 2482 624 2543 ithamar)
647 2483 709 2527 divisi
731 2487 793 2528 erant
809 2484 828 2543 (I
844 2484 887 2528 (lhr
903 2489 968 2537 24,3

76 2556 166 2614 -19)1,
197 2555 297 2614 Singulae
320 2556 396 2599 classes
417 2572 454 2613 per
476 2556 633 2600 hebdomadem
655 2556 732 2600 officiis
756 2558 820 2602 sacris
841 2559 865 2601 in
887 2558 967 2615 templo

75 2627 223 2686 tangebantur
240 2629 270 2688 (ll
286 2629 320 2687 Rg
337 2634 370 2681 11,
380 2634 402 2679 ,9.
418 2629 440 2673 Π
457 2629 500 2673 Chr
516 2632 551 2682 23,
562 2635 577 2678 4
588 2646 614 2677 ss.
630 2629 675 2674 Jos.
690 2629 730 2673 Ad
747 2637 766 2684 7,
784 2635 817 2679 14.
830 2636 849 2678 7.
866 2630 891 2673 cf.
908 2631 937 2674 Le
949 2636 968 2684 1,

79 2705 118 2748 23:
134 2705 208 2766 ἡμέραι
225 2703 364 2763 λειτουργίας).
398 2702 447 2746 Sors
468 2702 566 2747 ordinem
587 2703 658 2747 classis
675 2703 968 2763 110112115511101-

76 2774 125 2818 ficia
140 2776 166 2819 ab
182 2791 313 2834 unoquoque
328 2776 435 2820 sacerdote
451 2777 572 2835 peragenda
588 2777 720 2835 designabat.
743 2778 812 2835 Atque
828 2777 896 2833 lanima
912 2780 969 2821 sorte

76 2847 94 2891 is
111 2848 267 2907 designabatur,
289 2850 326 2907 qui
348 2850 415 2893 altare
436 2849 610 2894 holocaustorum
627 2852 737 2908 purgarem
759 2850 852 2894 secunda
867 2849 968 2893 tredecim

75 2922 201 2974 sacerdotes,
224 2938 314 2980 quorum
331 2925 375 2966 erat
397 2923 547 2966 holocaustum
560 2924 706 2968 cottidianum
727 2923 874 2979 facerentque
891 2923 968 2967 cande-

76 2992 161 3038 labrum
176 3010 264 3039 aureum
285 2999 306 3040 et
326 2999 392 3039 altare
409 2996 493 3039 suffitus
509 3011 610 3054 purgare3
631 2996 694 3040 tertia
709 2996 733 3049 is,
750 2996 786 3053 qui
802 2995 900 3039 suffitum
916 2997 969 3040 ado-

75 3066 155 3118 leret33
171 3072 247 3126 quarta
262 3070 287 3122 is,
308 3070 344 3127 qui
361 3069 470 3114 victimam
487 3070 608 3114 holocausti
623 3070 650 3113 ad
665 3070 731 3113 altare
748 3070 855 3115 duceret4.
879 3069 906 3113 ln
922 3087 969 3114 ma-

75 3139 158 3184 ioribus
174 3144 245 3186 antem
260 3143 320 3186 iestis
335 3142 406 3199 plures
423 3143 499 3186 classes
515 3143 578 3186 simul
594 3145 678 3200 praesto
695 3142 759 3186 fuisse
775 3142 882 3190 videntur.
