2107 3321
371 66 420 103 Ordo
434 63 524 101 materiae
536 61 648 99 tractandae
925 38 953 109 gg

66 218 115 259 quae
125 204 147 243 A.
158 199 220 241 110011
230 197 299 244 refert,
312 194 458 245 comparantur,
469 190 525 229 taeile
535 188 668 240 explicantur.
696 187 751 234 Quae
767 199 832 255 pauca
844 186 953 256 suifioinnt,

66 269 89 308 ut
100 262 253 305 demonstretur,
271 258 372 307 quantum
382 255 406 295 A.
417 252 478 309 lliusil
489 250 581 290 advetus
597 250 745 289 testamentmn
762 248 859 288 subtilius
874 248 953 288 intelle·

65 326 150 380 gendum
166 319 274 361 adiuverit.

70 393 72 398 ’
124 385 206 424 Summa
216 390 299 431 quoque
311 374 415 427 diligentia
431 375 451 413 et
461 386 473 411 a
483 371 567 424 singulis
583 371 703 411 hominibus
719 374 739 411 00
756 386 767 411 0
782 370 876 422 pluribus
893 370 952 410 socie-

65 449 105 488 tate
121 446 141 485 et
156 441 229 483 studiis
247 438 363 479 litterarum
383 433 496 474 coniunctis
517 429 642 489 (plerumque
659 429 773 487 Britannis)
794 431 954 483 paeninsula

66 505 195 548 Sinaitica
215 497 354 553 pervestigata
375 498 395 536 et
415 495 463 534 fides
485 506 553 533 earum
574 492 718 532 narratiomnn
737 493 811 533 veteris
832 493 952 540 testamenti,

66 560 115 619 quae
131 565 154 605 ad
169 577 213 603 eam
228 559 340 613 pertinent,
358 556 474 596 confirmata
489 556 524 594 est.
556 553 649 593 (lanieras
666 554 689 593 L.
701 554 880 605 Srcaepanslri,
897 554 953 600 Nach

65 630 123 668 Petra
137 624 179 665 und
194 636 241 662 zum
258 620 319 660 Sinai.
342 616 456 658 Innsbrnck
474 621 536 658 1008.

114 720 148 776 Ἰ0)
164 716 240 773 Neque
256 713 380 757 effossiones
396 709 477 754 ultimis
488 707 593 753 decenniis
609 707 633 751 in
645 708 698 751 Asia
708 708 792 752 minore
802 707 870 752 iactae
880 709 953 767 negle-

66 792 144 850 gendae
154 791 211 841 sunt,
226 787 266 830 ubi
277 802 290 828 a
301 784 384 829 saeculo
396 799 413 827 0.
426 782 462 827 ch.
473 798 493 829 n.
506 781 580 840 quinto
592 780 675 824 decimo
688 781 793 839 usquead
806 781 953 826 duodecimum
1006 788 1007 791 ’

65 877 166 922 magnum
185 874 279 918 regnum
295 858 486 902 Chittaeorum
505 857 558 914 (aaut
573 853 647 906 Helii)
669 854 786 898 exstiterat.
818 854 925 911 imprimis
941 871 954 898 0

66 935 173 980 Germanis
190 934 243 976 auce
258 932 288 978 H.
305 930 416 975 ,1100010100
436 928 498 972 annis
515 929 572 976 1000
592 929 613 970 00
630 932 691 976 1907
713 927 788 971 ruinae
803 927 953 985 Boghan-kbi

66 1008 147 1065 antiqui
162 1006 238 1062 capitis
254 1006 301 1048 eius
315 1003 383 1061 regni,
400 1003 487 1046 effossae
502 1003 552 1044 sunt
567 1001 588 1043 et
604 1015 699 1058 magnus
715 1015 817 1044 numerus
832 1001 953 1045 tabularum

65 1081 165 1132 fictilium,
188 1093 243 1136 (puae
264 1078 389 1134 plerumque
410 1076 485 1133 lingua
507 1072 685 1130 Babyloniorum,
708 1074 787 1130 partim
808 1073 953 1117 Ohittaeomm

65 1153 176 1210 inscriptae
197 1152 255 1207 sunt,
276 1152 373 1207 repertus
393 1150 429 1191 est.
461 1145 501 1191 Sed
517 1147 539 1190 in
554 1147 641 1204 magnis
658 1146 736 1190 studiis
752 1150 824 1190 tamen
839 1147 878 1191 viri
896 1147 951 1191 [1000

65 1241 129 1284 usque
144 1224 170 1268 ad
186 1223 225 1267 hos
239 1238 308 1267 annos
319 1236 388 1279 neque
398 1220 547 1277 inscriptiones
559 1220 708 1264 amasaeorum
718 1220 790 1279 legere
800 1234 868 1278 neque
879 1235 952 1264 eorum

65 1299 160 1356 lingnam
175 1297 302 1353 intellegere
317 1297 424 1352 poterant,
439 1293 542 1350 imprimis
557 1295 672 1350 propterea
685 1294 744 1351 quod
759 1293 826 1336 maior
841 1292 952 1350 inscriptio

65 1371 165 1429 bilinguis
181 1385 227 1413 000
244 1370 320 1411 exstat.
347 1366 411 1410 Nune
427 1368 499 1409 autem
509 1367 534 1410 R.
546 1366 617 1410 casea
634 1366 753 1423 contigisse
766 1365 849 1419 dieitur,
865 1367 889 1409 00
906 1365 953 1409 illas

66 1443 213 1499 inscriptiones
233 1441 353 1485 maximam
373 1441 454 1496 partem
467 1439 594 1496 explicaret.
626 1438 691 1492 010001
708 1439 784 1496 quanti
800 1439 827 1483 sit
842 1439 952 1492 momenti,

66 1516 173 1573 explicatis
190 1515 277 1558 demum
298 1513 399 1556 omnibus
419 1512 592 1569 inscriptionibus
608 1512 724 1556 diiudicari
743 1515 819 1569 potest.
851 1512 910 1556 Certe
926 1511 951 1555 de
973 1502 976 1508 ⁷

65 1589 162 1646 gentibus
183 1587 273 1630 orientis
294 1586 384 1643 antiqui,
405 1586 509 1642 imprimis
525 1586 549 1629 cle
565 1601 640 1629 earum
656 1586 798 1643 religionibus
813 1587 880 1629 multa
896 1600 952 1629 nova

65 1662 113 1704 imle
129 1663 291 1718 cognoscentur.

124 1756 215 1795 Ceterum
235 1754 328 1795 nondum
349 1756 433 1804 constat,
454 1768 514 1806 quam
533 1756 632 1796 rationem
653 1768 705 1808 gens
722 1757 764 1804 1111,
785 1767 836 1806 quae
851 1755 873 1795 in
892 1755 952 1795 saeris

65 1817 136 1856 litteris
153 1817 329 1862 commemoratur,
346 1828 392 1855 cum
408 1818 467 1868 gente
478 1816 534 1863 liatti
550 1817 651 1856 habuerit.
678 1818 747 1867 Atque
763 1816 856 1857 nonnulli
872 1815 952 1867 quidem

65 1878 103 1917 viri
113 1877 165 1918 docti
181 1872 248 1932 (velut
261 1876 286 1917 Ε.
299 1876 405 1927 Schrader,
421 1877 449 1917 W.
460 1877 486 1919 M.
498 1876 578 1932 liariter)
595 1890 627 1917 eas
644 1879 717 1929 gentes
734 1877 885 1929 propinquitate
900 1877 953 1917 inter

66 1950 87 1977 00
102 1938 216 1978 coniunctas
231 1937 302 1985 ¹luisse
319 1939 340 1977 00
355 1937 414 1984 Hatti
429 1951 524 1989 umquam
540 1939 596 1978 ultra
611 1939 690 1984 fiumen
707 1938 792 1978 Orontes
807 1938 832 1977 ad
848 1937 952 1977 meridiem

65 2010 177 2050 progressos
194 2011 238 2038 esse
254 1999 337 2048 negant.
368 1998 438 2049 Neque
454 1999 479 2038 ob
494 1998 515 2037 ia
535 2013 605 2047 unum,
627 2000 684 2051 quod
706 1999 797 2052 sigillum
818 2012 886 2040 eorum
906 2011 952 2050 pro-

65 2058 130 2109 prium
145 2058 166 2097 in
182 2058 225 2099 Tell
242 2057 323 2109 el-Hasi
339 2058 445 2098 inventum
461 2060 496 2108 est,
513 2060 534 2100 in
549 2061 606 2112 parte
621 2060 737 2100 meridiana
752 2060 877 2100 Palaestinae
892 2059 952 2100 fnisse

65 2118 190 2159 existimandi
207 2121 262 2161 sunt.
289 2119 330 2159 alii
346 2116 408 2174 (inter
419 2133 468 2171 quos
479 2120 502 2162 F.
513 2121 597 2169 Kauiea,
613 2121 640 2161 H.
653 2117 724 2177 Gratiae)
741 2122 793 2161 illud
809 2121 891 2172 quidem
907 2132 953 2160 eon·
976 2155 979 2160 .

66 2180 137 2219 cedunt
152 2179 194 2218 fieri
210 2192 276 2230 posse,
293 2183 318 2219 ut
334 2181 370 2212 ἯΓΙ
386 2192 432 2220 cnm
448 2181 505 2228 Hatti
519 2182 674 2234 propinquitate
691 2183 795 2222 coniuncti
809 2182 890 2221 inerint
913 2181 954 2221 Alii

65 2252 133 2280 rursus
145 2236 176 2295 (nt
187 2240 212 2279 H.
220 2240 319 2293 erepet,
333 2240 356 2280 G.
363 2238 448 2297 Habea-9)
460 2253 493 2282 000
503 2255 564 2283 0000
575 2242 703 2294 eandemque
713 2246 796 2294 gentem
806 2242 865 2283 fuisse
876 2243 950 2283 dieunt.

123 2301 151 2339 De
167 2300 311 2340 effossionibus
327 2302 349 2340 in
360 2302 482 2353 Regnat-kei
497 2303 554 2343 laetis
571 2303 663 2344 conferas
680 2303 705 2344 H.
716 2304 849 2344 Winekler
864 2303 886 2344 in
897 2303 953 2343 Orba

65 2360 97 2409 IX,
113 2366 173 2408 1000,
188 2366 315 2404 eci—esa.
337 2361 479 2415 Mitteilungen
490 2364 524 2403 der
534 2365 649 2405 Deutschen
661 2365 875 2405 Orient-Gesellschaft
887 2368 949 2413 1007,

67 2426 99 2468 35,
118 2427 202 2468 1-59;
224 2422 247 2461 Ο.
264 2422 419 2471 Ρο0000010,
440 2425 558 2476 Boghaslioi.
585 2425 621 2465 Die
643 2427 761 2467 Banuerlre.
783 2426 950 2479 Heransgegeben

65 2483 123 2521 anter
138 2481 272 2533 llitwirkung
288 2496 327 2523 von
343 2483 369 2524 H.
381 2483 433 2524 ison
447 2485 490 2524 und
505 2486 531 2529 D.
541 2486 649 2527 10000000.
673 2487 754 2540 Leipzig
773 2492 836 2529 1012.

124 2561 193 2605 Etiam
214 2563 339 2607 effossiones
354 2564 378 2607 in
395 2564 474 2609 Creta
493 2566 560 2610 iactae
580 2567 607 2610 aa
627 2568 698 2611 libros
714 2567 798 2612 divinos
818 2566 952 2624 explicandos

66 2633 144 2691 aliquid
159 2635 265 2679 momenti
282 2635 355 2679 alierre
370 2640 465 2693 possunt,
482 2639 531 2696 quia
546 2655 570 2684 ea
586 2640 658 2684 insula
674 2640 744 2697 prima
759 2640 829 2697 patria
839 2639 951 2683 Philistae-

66 2720 126 2750 orum
141 2712 177 2750 aut
192 2708 261 2764 partis
277 2723 351 2752 eorum
367 2712 418 2763 erat,
433 2713 458 2755 ut
473 2712 540 2756 cultus
556 2716 619 2770 atque
635 2714 763 2757 humanitas
778 2713 897 2757 incolarum
907 2712 952 2756 eius

66 2778 89 2821 in
103 2779 247 2824 Palaestinam
263 2795 349 2839 quoque
364 2784 386 2825 et
401 2784 507 2829 Hebraeos
522 2787 628 2843 pertinere
644 2788 748 2844 potuerit.
931 2790 932 2793 ’

68 2938 107 2976 163
125 2874 216 2988 Oppfssepas
233 2876 260 2918 M.
276 2876 295 2916 J.
312 2878 452 2932 Lagrange,
473 2880 501 2920 La
517 2882 572 2923 Crete
588 2883 688 2924 ancienne
707 2878 754 2937 (RB
771 2881 795 2922 N.
803 2882 821 2922 S.
836 2882 869 2931 IV,
888 2887 951 2931 1907,

124 3029 152 3074 V.
168 3028 246 3084 Homo,
268 3045 317 3074 oum
337 3047 363 3075 ex
384 3034 454 3078 animo
471 3037 491 3078 00
507 3050 593 3094 corpere
609 3038 701 3090 constet,
722 3051 767 3080 000
783 3038 853 3081 solum
869 3039 953 3095 corpori

66 3101 86 3141 et
101 3101 162 3144 rebus
178 3098 337 3156 externis'sed
357 3106 421 3149 etiam
442 3109 513 3153 animo
529 3113 549 3154 et
569 3113 670 3155 aeternae
687 3110 743 3154 vitae
759 3111 869 3155 consulere
885 3112 953 3159 (lebet.

124 3178 264 3220 Kortloitner,
277 3181 396 3221 Archaeologia
409 3186 469 3219 biblica
894 3187 905 3224 3
