2218 3388
406 97 454 134 Pars
467 98 482 136 l.
503 99 634 146 Antiquitatee
647 111 710 137 sacrae

446 242 525 301 Caput
540 244 673 289 secundum

335 383 375 429 De
396 383 577 430 vestimentis
598 382 779 430 sacerdotum

172 538 281 591 Descriptio
292 538 379 578 vestitus
396 538 528 579 sacerdotalis
543 539 573 578 Ex
585 545 618 589 28,
631 546 665 582 40.
678 545 704 580 42
722 538 790 590 paucis
802 538 868 579 verbis
886 540 1011 584 absolvitur,

110 600 140 639 Ex
152 606 186 647 39,
200 605 286 643 25-28
303 612 403 651 perpauca
419 600 531 639 adduntur.
559 601 621 640 Plura
637 613 661 639 ex
677 613 731 639 more
744 599 843 640 vestiendi
858 599 943 641 illorum
955 603 1006 641 tem-

110 673 184 712 porum
199 673 236 712 pro
252 661 306 701 notis
321 663 434 712 ponuntur.
468 659 523 707 auae
539 660 674 713 losephus
690 660 726 700 Α]
744 667 761 709 3,
780 666 798 702 7.
818 667 874 704 1—-3
892 661 949 708 dicit,
966 662 1007 703 for-

110 724 163 761 tasse
180 734 203 761 ex
219 723 275 772 parte
291 722 402 761 recentiora
419 724 476 763 sunt.
503 721 597 762 Ceterum
613 722 637 762 cf.
649 722 666 762 J.
678 722 769 770 Braun,
785 721 813 762 De
829 722 922 762 vestibus
941 735 1010 763 secer·-

111 783 182 822 dotum
198 782 334 822 Hebraeorum
349 782 397 822 libri
414 783 461 824 duo.
483 783 630 823 Amstelodami
649 790 712 825 riol-

171 913 192 959 Ι.
209 912 341 957 Vestimenta
357 912 549 956 sacerdotalia
564 915 706 956 numerantur
722 915 833 969 quattuor:

173 998 196 1055 l)
214 998 336 1042 Femorelt'u
358 999 438 1057 (meleti
458 997 518 1040 LXX
538 1003 656 1061 περισκελῆ,
673 997 737 1055 Vulg.
757 998 880 1057 feminalia)
902 998 977 1050 lintea,
995 1015 1011 1043 a

111 1071 198 1114 renibus
213 1085 280 1127 usque
295 1071 322 1114 ad
337 1071 419 1113 femora
436 1070 592 1121 descendentia,
612 1074 649 1123 „ut
664 1070 765 1114 honestas
781 1070 885 1128 decorque
902 1074 1007 1126 servetur,

110 1160 138 1188 ne
160 1144 241 1187 scilieet
260 1143 411 1187 adscendentes
435 1143 510 1187 altaris
533 1144 613 1201 gradus
635 1146 657 1187 et
677 1143 701 1186 in
723 1143 840 1187 ministerio
863 1143 1011 1188 discurrentes

110 1218 206 1262 revelent
221 1216 388 1274 turpitudinem
407 1216 569 1276 (Hieronymus,
583 1217 664 1261 [lomna.
676 1217 699 1260 in
710 1216 738 1259 az
754 1232 768 1260 c.
780 1222 814 1265 44.
831 1217 886 1261 nst
898 1218 934 1270 25,
945 1218 1013 1278 437).Ἰ

112 1290 180 1343 Quare
193 1306 206 1333 a
217 1290 308 1334 Philone
324 1290 364 1350 (De
380 1289 484 1336 sacerdot.
496 1305 546 1346 opp.
557 1290 585 1338 ll,
597 1292 651 1349 225)
668 1295 771 1351 περίζωμα
787 1290 814 1343 εἰς
830 1292 912 1337 αἰδοίων
929 1298 1010 1352 σκέπην

111 1365 132 1407 et
148 1379 161 1407 a
177 1362 271 1420 {losepho
288 1363 330 1424 [a]
347 1367 366 1413 3,
384 1368 403 1410 t.
422 1368 444 1423 l)
463 1368 557 1424 διάζωμα
572 1369 617 1424 περὶ
634 1368 659 1410 τὰ
675 1364 742 1409 αἰδοῖα
758 1363 898 1420 appellantur.

169 1474 193 1530 2)
228 1472 308 1517 Tunica
325 1476 385 1532 (uana
402 1473 462 1517 LXX
482 1474 552 1534 χιτὼν)
574 1474 649 1522 lintea,
669 1474 752 1529 corpori
766 1473 862 1529 proxime
879 1473 1007 1527 adhaerens,

110 1546 225 1599 manicata,
242 1562 254 1589 a
269 1546 324 1590 collo
340 1561 406 1603 usque
423 1546 450 1589 ad
466 1546 522 1589 talos
538 1546 670 1604 pertingens.
702 1546 752 1589 llrat
768 1561 819 1602 opus
837 1545 928 1590 textoris
940 1546 1007 1607 (utile

109 1619 159 1680 itt),
176 1619 201 1663 de
217 1634 259 1677 quo
275 1622 388 1675 nsmpatur
403 1620 494 1663 verbum
512 1618 553 1669 laid
570 1619 611 1678 (nx
628 1624 662 1672 28,
680 1624 714 1668 39-
731 1619 756 1666 cf.
772 1635 790 1666 v.
806 1624 830 1667 4:
848 1624 904 1670 [letto
915 1623 968 1668 ulo?
979 1644 1009 1656 =

112 1698 277 1754 μασσαβαζὰνηη
298 1692 324 1740 al.
344 1692 391 1736 lect.
414 1698 551 1754 μασσαβάνης
573 1692 617 1736 Jos.
633 1692 674 1736 Α]
690 1698 709 1746 3,
722 1698 778 1745 32„
798 1693 811 1739 i,
828 1708 844 1740 e,
861 1693 932 1745 restis,
954 1707 1012 1750 qliae

110 1767 206 1810 intextas
225 1765 291 1810 habet
310 1767 390 1823 figuras
411 1767 528 1824 quadratas
550 1767 619 1810 instar
636 1766 758 1810 tesellarum
773 1766 954 1823 pavimentorum,
971 1766 1007 1809 sed

58 1860 59 1864 ¹
110 1840 142 1883 ita
157 1842 182 1883 ut
197 1840 279 1897 figurae
294 1839 342 1883 illae
358 1839 435 1897 planae
451 1841 473 1883 et
489 1840 587 1897 aequales
603 1840 653 1892 sint,
670 1854 719 1882 cum
734 1840 775 1883 filis
795 1841 921 1883 intextura
937 1854 1011 1897 neque

110 1915 181 1970 partes
197 1912 304 1970 depressae
320 1928 388 1970 neque
405 1914 526 1956 eminentes
542 1913 678 1973 formentur).

173 2024 198 2078 3)
229 2022 316 2066 Balteus
332 2024 389 2082 (etet
406 2022 469 2065 XXX
486 2024 556 2084 ζώνη),
572 2024 660 2081 signum
676 2022 787 2080 dignitatis
808 2025 828 2066 et
844 2022 958 2078 potestatis
974 2038 1009 2065 sa-

111 2094 230 2147 cerdotalis,
252 2110 263 2137 e
283 2096 345 2153 bysso
368 2096 421 2139 verrii
444 2095 522 2139 coloris
544 2095 655 2140 confectus
672 2094 805 2156 (optante),
828 2095 912 2151 saepius
929 2110 1012 2151 corpus

111 2168 219 2212 ambiebat
239 2172 260 2212 et
279 2169 300 2212 in
322 2172 407 2225 pectore
427 2169 459 2212 ita
480 2169 608 2225 nudabatur,
629 2170 655 2212 ut
674 2174 780 2212 extremae
799 2171 870 2225 partes
890 2183 961 2226 usque
982 2169 1009 2212 acl

110 2243 166 2285 talos
183 2242 330 2298 dependerent,
346 2258 399 2300 quas
415 2243 537 2286 sacerdodes
552 2242 702 2285 functionibus
718 2237 781 2286 sacris
797 2242 901 2299 occupati,
923 2257 953 2285 ne
968 2242 1009 2285 im-

111 2314 241 2370 pedirentur,
258 2330 318 2371 super
334 2330 432 2359 umerum
449 2315 563 2359 sinisiram
579 2316 740 2372 retorquebant.

172 2426 196 2482 4)
229 2424 290 2468 Tiora
316 2424 358 2468 sive
384 2427 450 2471 mitra
474 2425 553 2485 (tilloit,
580 2425 645 2468 etiam
661 2429 701 2473 tte
723 2424 751 2468 lla
777 2429 811 2476 24,
835 2429 876 2477 17,
903 2425 928 2468 in
954 2423 1012 2481 plur„

111 2496 190 2547 ulpian
199 2501 246 2546 *tte
262 2497 379 2548 axanae
396 2500 417 2541 et
434 2497 502 2547 walde
513 2503 560 2547 ”itte
571 2497 599 2541 Ea
610 2502 646 2551 44,
659 2502 692 2546 18.
709 2497 767 2541 LXX
782 2499 868 2557 κίδαρις)
884 2498 897 2541 i.
909 2513 926 2542 e.
942 2496 1010 2540 fascia

111 2571 205 2627 byssina,
228 2571 311 2628 saepius
332 2571 356 2631 in
378 2571 452 2614 orbem
475 2570 579 2627 replicata
594 2573 616 2614 et
631 2573 726 2624 consuta,
748 2586 792 2627 non
809 2571 950 2623 cacuminata,
973 2571 1009 2614 sed

111 2643 206 2688 rotunda
222 2645 290 2704 (πῖλος
306 2646 386 2698 ἄκανος
402 2643 448 2688 dos.
465 2644 507 2691 A]
524 2648 544 2697 3,
558 2648 576 2696 T,
594 2646 624 2702 3),
640 2649 665 2688 ut
681 2659 705 2687 ea
721 2644 795 2701 capitis
810 2643 935 2702 tegimenta,
954 2659 1009 2702 (puae

111 2716 191 2760 Turcae
207 2719 229 2760 et
246 2717 320 2761 Persae
336 2718 401 2761 etiam
416 2731 477 2760 nunc
494 2720 577 2775 gestare
594 2718 665 2762 solent
683 2718 784 2777 (Turban,
801 2717 914 2777 Tillbend),
931 2717 1013 2761 Differt

111 2806 124 2832 a
139 2794 211 2841 nette,
233 2790 297 2833 mitra
312 2790 391 2834 summi
407 2790 530 2834 sacerdotis.
562 2791 591 2835 nt
607 2806 652 2834 non
668 2791 742 2848 liquet,
759 2805 800 2848 quo
816 2791 880 2834 modo
897 2791 939 2834 duo
956 2789 1009 2833 haec

111 2863 187 2919 capitis
208 2863 326 2920 tegimenta
342 2863 425 2907 diversa
444 2863 531 2909 fuerint.
563 2863 670 2920 losephus
686 2864 726 2908 Al
743 2869 763 2916 3,
775 2868 819 2911 aa
835 2864 896 2901 ΠΜ
914 2880 926 2907 a
942 2868 1009 2900 afflet

111 2936 138 2979 ad
154 2936 247 2979 formam
268 2937 325 2994 quod
347 2938 424 2981 attinet
440 2952 488 2980 non
505 2937 625 2995 distinguit,
649 2938 685 2980 sed
706 2939 791 2980 tantum
810 2936 953 2993 hyacinthino
975 2937 1012 2979 in-

111 3010 205 3062 volucro,
228 3024 271 3067 quo
294 3010 348 3054 tiara
370 3009 480 3067 pontificis
503 3013 581 3054 ornata
602 3014 653 3056 erat.
685 3009 752 3063 Quare
774 3010 837 3054 etiam
859 3010 904 3053 eius
926 3024 1011 3053 nomen

112 3087 248 3144 μασναεφθῆς
265 3083 299 3142 (al.
316 3083 362 3126 leet.
380 3083 542 3145 μασναεμμθης)
560 3083 626 3126 tiarae
643 3083 765 3141 vulgarium
781 3084 914 3127 sacerdotum
930 3083 1013 3126 tribuit

112 3157 141 3216 (a
155 3159 173 3202 r.
185 3157 214 3215 a).
