2165 3388
126 94 174 142 534
407 103 453 140 Pars
465 104 487 141 ΙΙ,
507 96 640 151 antiquitates
652 105 743 153 privatae

126 222 180 262 litus
195 224 349 281 Palaestinense‚
369 230 436 272 altera
452 227 569 272 secundum
590 245 642 273 mare
663 233 768 272 mortuum
788 243 827 283 per
847 230 946 284 regionem
964 232 1021 270 trane

127 283 237 324 Jordanem
248 286 317 331 sitam.
342 291 369 331 En
380 291 453 339 eodem
469 292 514 333 sinu
532 293 595 333 etiam
606 293 637 335 vic
653 293 680 333 ad
698 305 751 333 mare
766 291 935 332 mediterraneum
947 291 1021 331 Gazam

121 346 200 387 ‘versus
220 349 285 388 strata
306 353 352 392 eret.
382 353 401 392 Α
418 355 477 394 Petne
492 355 580 406 quoque
591 356 629 394 tres
644 355 691 395 viae
706 353 807 394 mercandi
825 352 915 393 ferebant
931 346 1022 409 (Gazam,

122 407 291 460 *Rhinocoluram
307 412 329 453 in
343 410 449 470 Peraeam)

121 508 123 549 ζ
193 506 330 549 ³Secundum
348 509 357 548 I
372 511 405 563 Rg
424 517 525 560 111281.
549 510 588 568 (ε
606 513 625 553 Π
640 513 681 552 Chr
702 509 799 568 1,]61)
825 512 901 552 Salcmo
922 523 1023 562 equorum

121 566 282 608 ¹vendendorum
299 570 405 612 arbitrium
421 572 504 624 privatis
520 573 607 623 ademit;
623 585 688 624 equos
702 586 724 612 er
735 573 831 626 llliercc'm
848 575 922 624 emptos
938 566 1024 624 regibus

121 627 269 669 “Chittaecrum
281 633 302 671 et
312 632 456 674 Amcraeorum
467 634 573 675 vendebat.
599 635 680 675 Dictum
696 636 726 674 est
741 647 813 674 nornen
826 635 918 686 litterator
932 633 968 673 hic
984 646 1024 673 non

128 690 252 741 Aegyptum,
265 692 302 731 sed
313 694 386 733 terram
398 694 466 746 Macri
475 695 496 735 in
504 696 556 736 Asia
566 696 640 736 minore
651 696 715 735 sitam
726 695 840 747 significare
851 694 883 749 (Η.
894 694 1024 744 Winclzler,

130 751 247 792 Geschichte
264 753 337 806 lsraels
347 754 373 803 Π,
386 761 439 798 265.
455 756 475 796 G.
487 757 559 805 Beer,
576 757 626 807 Saul,
643 756 715 805 David,
732 755 809 796 Salomo
829 762 868 804 62,
884 756 930 807 alii).
959 755 1023 796 Voce·

129 811 203 852 bulum
217 813 342 855 Hebraicum
356 815 413 866 ΠἹΡΤ),
429 818 481 868 quod
497 817 576 851 nonnula
592 817 666 869 excipit
685 819 706 857 et
723 817 842 868 plerumque
859 817 1024 870 corcyreectc'ceem

123 873 191 920 'valet
207 874 279 914 Graeci
294 876 425 917 Alexandrini
445 878 510 918 verbis
527 876 553 920 ἐκ
574 876 672 931 [Quoue
689 878 775 918 reddunt
795 875 895 935 (Hexapla
914 877 1024 918 lectionem

131 931 154 982 et
165 929 217 977 Κωά
231 937 299 985 notat,
315 937 372 989 Vulg‚
384 939 409 977 de
424 936 477 994 Oce).
500 939 521 981 Si
533 940 628 980 vocabulo
645 937 723 984 Θεκωὲ
738 952 813 980 nomen
829 934 877 986 Koa
892 938 921 996 (in
936 938 1025 990 inscrip-

125 996 222 1036 tionibus
238 998 330 1038 cuneatis
344 994 401 1052 Kree)
418 1000 486 1040 subest
502 1002 524 1040 et
541 995 590 1047 Koa
605 1000 696 1041 Ciliciam
712 1001 763 1040 valet
779 997 815 1055 (H.
826 999 963 1049 Winclrler,
980 999 1024 1040 Alt-

131 1057 296 1099 testamentliclre
311 1058 492 1113 Untcrsuclnungen
510 1066 554 1105 168
567 1073 591 1103 ss.
608 1067 657 1104 364.
691 1061 808 1101 Gcschiclnte
826 1060 961 1114 Babylonicns
982 1060 1025 1100 und

132 1118 238 1172 Assyriam
255 1125 308 1161 ¹169.
334 1121 451 1162 deschiclnte
471 1123 545 1162 israele
560 1122 586 1172 Π,
604 1129 651 1166 265.
673 1122 702 1164 Ε.
718 1122 812 1174 Kbnig,
834 1118 890 1162 rens
906 1134 961 1162 neue
982 1134 1025 1160 ara-

131 1178 201 1219 biscbe
216 1179 424 1222 Landsehastsnamen
442 1183 469 1222 im
484 1183 518 1223 AT
537 1189 571 1226 25.
587 1183 626 1223 WB
643 1188 711 1225 242³.
728 1187 790 1228 403⁸.
826 1183 845 1225 J.
862 1183 959 1232 Ddller,
978 1183 1034 1222 sca,

125 1239 182 1280 ‘dien
198 1238 256 1296 158),
273 1255 346 1282 nomen
361 1243 452 1290 llisraim
467 1256 507 1284 non
525 1245 639 1297 Aegyptum
657 1244 770 1297 significare
785 1246 864 1296 petest,
880 1244 912 1283 sed
928 1244 955 1283 de
972 1245 1026 1283 terra

126 1300 201 1352 'Maera'
214 1303 236 1342 in
247 1303 308 1354 Syria
323 1304 346 1343 ad
362 1303 509 1356 septentriones
521 1306 616 1357 vergente
632 1304 675 1345 sita
691 1305 820 1358 cogitandum
837 1306 873 1345 est.
898 1305 925 1345 At
941 1317 967 1344 ex
983 1317 1026 1344 mea

127 1363 226 1413 opinione
241 1364 393 1414 respiciendum
410 1367 441 1405 est
452 1365 554 1406 (thittaecs
570 1368 590 1405 et
600 1366 711 1407 Aramaecs
726 1379 749 1406 er
758 1366 808 1406 Asia
826 1367 900 1406 minore
915 1365 956 1405 sibi
972 1365 1026 1416 ipsos

134 1436 197 1475 equcs
212 1437 280 1464 emere
296 1426 392 1477 potuisse.
410 1450 441 1459 -,
456 1426 481 1465 Ut
496 1427 583 1476 Salomo,
598 1427 626 1467 ita
641 1428 706 1468 etiam
721 1440 754 1467 rex
765 1427 844 1479 Sargon
854 1427 873 1466 II
888 1421 1028 1481 (722-705)

127 1484 245 1529 ,secundum
263 1485 419 1538 inscriptionem
435 1487 537 1539 quandam
553 1501 613 1539 equos
628 1501 651 1528 ex
669 1488 760 1540 Aegypto
776 1488 880 1540 apportari
894 1487 963 1527 iussit.

197 1580 290 1635 vepna
305 1585 398 1625 nonnulli
415 1584 437 1624 in
452 1581 527 1625 Arabia
544 1586 569 1625 ad
583 1585 691 1627 meridiem
706 1588 806 1638 vergente,
824 1586 859 1626 alii
874 1586 894 1625 in
909 1585 976 1632 ludia,
993 1580 1027 1624 alii

133 1643 157 1683 in
172 1644 238 1684 Africa
255 1645 278 1684 in
294 1646 391 1686 orientem
414 1647 515 1698 spectante
533 1649 638 1698 quaerunt,
663 1647 698 1687 alii
715 1659 758 1687 cum
773 1647 827 1699 Apir
844 1645 879 1703 (ε
895 1642 963 1702 Elem)
981 1659 1026 1686 con-

133 1703 208 1745 ferunt.
239 1707 376 1746 Probabiliter
394 1721 418 1747 ea
432 1707 485 1759 regio
501 1708 582 1747 Africae
602 1708 625 1748 ed
647 1709 745 1749 orientem
765 1707 870 1760 vergentis
890 1707 1027 1758 intellegenda

128 1766 172 1814 est,
188 1779 237 1818 [puae
255 1767 351 1808 adversus
366 1771 445 1808 terrem
455 1768 528 1809 «lemen
540 1765 629 1825 (Yemen)
647 1770 689 1808 sita
700 1771 735 1809 est.
760 1769 922 1817 0111111111,
941 1768 1027 1808 Studien

137 1832 266 1876 itt—15&
284 1829 303 1868 (l.
314 1829 413 1878 Petere,
424 1829 484 1881 Ophir
494 1830 549 1869 naen
560 1830 597 1870 den
607 1838 707 1871 neuestcn
717 1830 866 1882 Forsclnungen.
881 1830 951 1869 Berlin
965 1836 1026 1872 1909.

131 1960 132 1965 =
200 1935 286 1979 Tlrerdtd
301 1953 323 1979 ex
338 1940 484 1979 nonnullorum
500 1936 630 1991 opinionem
646 1940 716 1981 Alnice
732 1940 847 1992 quaerenda
862 1941 897 1979 est.
925 1938 970 1978 Alii
986 1951 1027 1977 earn

135 1999 157 2039 in
168 1999 265 2052 Hispania
276 2000 354 2040 Baetica
371 2000 432 2041 sitam
449 2014 490 2041 esse
506 2001 627 2051 existimant,
643 2002 667 2041 id
680 2001 732 2052 quod
742 2001 874 2047 verisimilius
885 2013 927 2040 esse
938 1999 1028 2040 videtur.

136 2060 164 2101 ef.
180 2061 196 2100 J.
213 2061 306 2101 Ddller
320 2061 346 2102 lb.
365 2068 489 2104 153—157.
545 2079 546 2082 ¹

196 2205 230 2268 ΙΙ,
248 2204 419 2264 lllercatores
435 2196 517 2262 aliique,
536 2205 572 2261 qui
586 2205 626 2248 iter
642 2204 718 2262 aliquo
734 2204 848 2257 farciebant,
864 2203 905 2247 iam
921 2202 1028 2261 antiquis-

132 2267 194 2321 simis
214 2277 346 2334 temporibus
361 2291 444 2335 magno
460 2292 507 2321 cum
526 2278 625 2322 comitatu
647 2278 755 2335 proficisci
771 2278 877 2331 solebant,
896 2292 923 2321 ne
941 2294 954 2320 a
970 2291 1028 2333 prae-

136 2350 227 2395 donibus
249 2350 423 2407 opprimerentur
442 2356 462 2394 et
479 2350 626 2407 spoliarentur.
658 2352 689 2394 ln
705 2351 807 2408 epistulis,
830 2351 919 2408 quaein
936 2349 984 2392 Tell
1000 2350 1028 2392 el-

137 2425 238 2468 ‘Amtrna
249 2424 350 2467 inventae
360 2425 420 2475 sunt,
437 2423 461 2467 de
476 2424 629 2468 commeatibus
646 2424 724 2483 agitur,
740 2424 775 2482 qui
791 2424 894 2481 praesidio
911 2422 1029 2467 comitante

134 2501 213 2542 'terram
233 2497 380 2556 peragrabant
402 2496 437 2557 (ef.
452 2512 482 2553 ep,
500 2500 551 2545 180.
569 2499 759 2558 1811242256)
792 2497 865 2554 Atque
883 2498 954 2540 maior
970 2511 1028 2552 pere-

136 2571 272 2629 grinantium
288 2586 368 2624 manue,
392 2570 460 2627 qualis
475 2569 542 2614 hodie
557 2571 620 2628 vulgo
637 2585 749 2615 cccccccccc
764 2570 836 2632 (Pers.
851 2570 947 2626 lacernae,
966 2570 1026 2615 Arab.

136 2646 241 2705 tetricae)
254 2645 379 2701 appellatur,
395 2645 419 2687 in
430 2644 492 2687 sacris
502 2643 582 2687 litteris
591 2644 681 2688 nomine
693 2643 743 2694 ΠῌἾΝ
755 2643 789 2688 Gn
802 2647 838 2696 31,
850 2647 882 2691 25.
897 2643 935 2687 des
949 2641 983 2695 21,
996 2648 1028 2691 13.

137 2717 179 2761 Job
195 2724 213 2771 b,
231 2722 268 2766 19.
289 2723 370 2765 curcua
393 2718 422 2761 Lc
438 2722 457 2769 2,
473 2721 516 2765 41,
538 2718 607 2761 minor
626 2717 716 2761 nomine
736 2710 796 2767 Πὲἵῧῦ,
816 2716 858 2761 Job
874 2721 892 2769 6,
911 2722 940 2764 19
963 2716 1029 2773 signi-

136 2791 214 2839 ficatur,
247 2791 317 2835 Etiam
332 2792 463 2836 vccabulum
478 2789 532 2839 ΠΊἾΨ
549 2792 570 2852 (a
585 2791 625 2845 1119,
640 2791 717 2847 Assyr.
732 2791 783 2835 tetre
801 2813 832 2828 =
848 2790 950 2844 incedere,
967 2789 1029 2836 Arab.

136 2871 188 2920 adra
202 2888 230 2903 =
248 2865 290 2909 iter
305 2864 360 2922 feeit)
379 2879 456 2923 agmen
472 2868 517 2908 una
533 2864 719 2921 proficiscentium,
728 2862 872 2921 ,potissimum
886 2865 1029 2907 mercatorum

136 2938 252 2997 significem
274 2953 397 2996 quosensu
412 2938 434 2981 id
449 2938 577 2982 vocabulum
593 2938 619 2981 En
636 2942 673 2990 27,
691 2941 718 2985 25
734 2938 861 2993 usurpatur:
884 2951 963 2989 ,naves
979 2934 1029 2979 Tar-

136 3013 209 3056 tessiae
230 3013 310 3073 (quasi)
330 3011 472 3056 mercantium
492 3010 582 3067 agmina
601 3011 725 3063 tibi'surrt‘f
748 3010 761 3052 l.
778 3024 797 3052 e.
815 3009 927 3066 grandium
945 3011 1029 3063 tuarum

136 3086 222 3130 navium
233 3085 348 3132 multitudo
361 3081 402 3146 pro
413 3085 556 3128 mercantium
566 3084 627 3128 turba
638 3083 681 3127 tibi
692 3087 730 3134 est3
746 3086 770 3126 ut
781 3085 924 3126 mercatorum
943 3081 1029 3139 agmina

136 3173 173 3215 per
183 3159 272 3212 deserta,
282 3160 318 3203 ita
328 3153 395 3203 nares
406 3160 454 3202 tuae
464 3173 502 3217 per
520 3157 585 3201 maria
600 3158 716 3201 transeunt
731 3147 838 3199 mercatus
853 3154 945 3200 faciendi
962 3142 1029 3198 causa.
