<?xml version="1.0" encoding="UTF-8"?>
<!DOCTYPE html PUBLIC "-//W3C//DTD XHTML 1.0 Transitional//EN"
    "http://www.w3.org/TR/xhtml1/DTD/xhtml1-transitional.dtd">
<html xmlns="http://www.w3.org/1999/xhtml" xml:lang="en" lang="en">
 <head>
  <title>
</title>
<meta http-equiv="Content-Type" content="text/html;charset=utf-8" />
  <meta name='ocr-system' content='tesseract 3.04.00' />
  <meta name='ocr-capabilities' content='ocr_page ocr_carea ocr_par ocr_line ocrx_word'/>
</head>
<body>
  <div class='ocr_page' id='page_1' title='image "./MN42078ucmf_3_0165.png"; bbox 0 0 2147 3361; ppageno 0'>
   <div class='ocr_carea' id='block_1_1' title="bbox 60 93 956 2039">
    <p class='ocr_par' dir='ltr' id='par_1_1' title="bbox 60 93 956 2039">
     <span class='ocr_line' id='line_1_1' title="bbox 246 93 954 142; baseline -0.001 -12"><span class='ocrx_word' id='word_1_1' title='bbox 246 123 248 126; x_wconf 95' lang='lat'>.</span> <span class='ocrx_word' id='word_1_2' title='bbox 320 93 449 141; x_wconf 80' lang='lat' dir='ltr'>Aliatenrpla</span> <span class='ocrx_word' id='word_1_3' title='bbox 461 94 535 133; x_wconf 82' lang='lat' dir='ltr'>Jahvae</span> <span class='ocrx_word' id='word_1_4' title='bbox 547 95 622 130; x_wconf 81' lang='lat' dir='ltr'>sacrata</span> <span class='ocrx_word' id='word_1_5' title='bbox 914 97 954 142; x_wconf 73' lang='lat'>131</span> 
     </span>
     <span class='ocr_line' id='line_1_2' title="bbox 61 217 954 283; baseline -0.009 -17"><span class='ocrx_word' id='word_1_6' title='bbox 61 242 119 283; x_wconf 67' lang='lat' dir='ltr'>gum,</span> <span class='ocrx_word' id='word_1_7' title='bbox 135 223 208 278; x_wconf 82' lang='lat' dir='ltr'>viginti</span> <span class='ocrx_word' id='word_1_8' title='bbox 218 223 294 269; x_wconf 78' lang='lat' dir='ltr'>tatum,</span> <span class='ocrx_word' id='word_1_9' title='bbox 311 220 490 273; x_wconf 76' lang='lat' dir='ltr'>vigintiquinque</span> <span class='ocrx_word' id='word_1_10' title='bbox 506 217 554 274; x_wconf 74' lang='lat' dir='ltr'>(nna</span> <span class='ocrx_word' id='word_1_11' title='bbox 564 232 610 260; x_wconf 87' lang='lat' dir='ltr'>cnm</span> <span class='ocrx_word' id='word_1_12' title='bbox 621 220 704 273; x_wconf 81' lang='lat' dir='ltr'>fastigio</span> <span class='ocrx_word' id='word_1_13' title='bbox 716 219 877 274; x_wconf 80' lang='lat' dir='ltr'>quinquaginta)</span> <span class='ocrx_word' id='word_1_14' title='bbox 890 220 954 259; x_wconf 86' lang='lat' dir='ltr'>altum</span> 
     </span>
     <span class='ocr_line' id='line_1_3' title="bbox 60 277 955 337; baseline -0.002 -15"><span class='ocrx_word' id='word_1_15' title='bbox 60 291 112 336; x_wconf 57' lang='lat' dir='ltr'>¹arat,</span> <span class='ocrx_word' id='word_1_16' title='bbox 142 287 217 326; x_wconf 84' lang='lat' dir='ltr'>Domus</span> <span class='ocrx_word' id='word_1_17' title='bbox 233 295 288 323; x_wconf 82' lang='lat' dir='ltr'>sacra</span> <span class='ocrx_word' id='word_1_18' title='bbox 306 279 382 337; x_wconf 86' lang='lat' dir='ltr'>(muris</span> <span class='ocrx_word' id='word_1_19' title='bbox 399 277 482 336; x_wconf 82' lang='lat' dir='ltr'>additis)</span> <span class='ocrx_word' id='word_1_20' title='bbox 499 282 578 335; x_wconf 85' lang='lat' dir='ltr'>centnm</span> <span class='ocrx_word' id='word_1_21' title='bbox 599 282 668 321; x_wconf 85' lang='lat' dir='ltr'>cubita</span> <span class='ocrx_word' id='word_1_22' title='bbox 684 282 746 333; x_wconf 83' lang='lat' dir='ltr'>longa</span> <span class='ocrx_word' id='word_1_23' title='bbox 762 284 782 321; x_wconf 91' lang='lat' dir='ltr'>et</span> <span class='ocrx_word' id='word_1_24' title='bbox 802 280 854 334; x_wconf 84' lang='lat' dir='ltr'>(sine</span> <span class='ocrx_word' id='word_1_25' title='bbox 870 282 955 336; x_wconf 78' lang='lat' dir='ltr'>utraque</span> 
     </span>
     <span class='ocr_line' id='line_1_4' title="bbox 61 337 954 400; baseline -0.009 -12"><span class='ocrx_word' id='word_1_26' title='bbox 61 343 76 392; x_wconf 65' lang='lat' dir='ltr'>a</span> <span class='ocrx_word' id='word_1_27' title='bbox 92 339 260 400; x_wconf 77' lang='lat' dir='ltr'>septentrionibus</span> <span class='ocrx_word' id='word_1_28' title='bbox 282 337 304 382; x_wconf 83' lang='lat' dir='ltr'>et</span> <span class='ocrx_word' id='word_1_29' title='bbox 325 341 410 381; x_wconf 84' lang='lat' dir='ltr'>meridie</span> <span class='ocrx_word' id='word_1_30' title='bbox 431 337 519 396; x_wconf 77' lang='lat' dir='ltr'>porticu)</span> <span class='ocrx_word' id='word_1_31' title='bbox 542 342 644 394; x_wconf 76' lang='lat' dir='ltr'>sexaginta</span> <span class='ocrx_word' id='word_1_32' title='bbox 666 342 715 391; x_wconf 82' lang='lat' dir='ltr'>lata,</span> <span class='ocrx_word' id='word_1_33' title='bbox 738 342 759 382; x_wconf 86' lang='lat' dir='ltr'>in</span> <span class='ocrx_word' id='word_1_34' title='bbox 776 343 833 394; x_wconf 85' lang='lat' dir='ltr'>parte</span> <span class='ocrx_word' id='word_1_35' title='bbox 849 342 917 382; x_wconf 87' lang='lat' dir='ltr'>autern</span> <span class='ocrx_word' id='word_1_36' title='bbox 933 341 954 380; x_wconf 90' lang='lat' dir='ltr'>in</span> 
     </span>
     <span class='ocr_line' id='line_1_5' title="bbox 61 402 953 458; baseline -0.011 -7"><span class='ocrx_word' id='word_1_37' title='bbox 61 411 160 453; x_wconf 82' lang='lat' dir='ltr'>orientem</span> <span class='ocrx_word' id='word_1_38' title='bbox 176 406 278 458; x_wconf 84' lang='lat' dir='ltr'>spectante</span> <span class='ocrx_word' id='word_1_39' title='bbox 294 408 337 442; x_wconf 79' lang='lat' dir='ltr'>una</span> <span class='ocrx_word' id='word_1_40' title='bbox 353 414 400 442; x_wconf 86' lang='lat' dir='ltr'>cnm</span> <span class='ocrx_word' id='word_1_41' title='bbox 416 402 495 442; x_wconf 84' lang='lat' dir='ltr'>duabus</span> <span class='ocrx_word' id='word_1_42' title='bbox 512 416 523 441; x_wconf 85' lang='lat' dir='ltr'>a</span> <span class='ocrx_word' id='word_1_43' title='bbox 538 403 711 454; x_wconf 84' lang='lat' dir='ltr'>septentrionibus</span> <span class='ocrx_word' id='word_1_44' title='bbox 729 404 749 442; x_wconf 78' lang='lat' dir='ltr'>er</span> <span class='ocrx_word' id='word_1_45' title='bbox 760 403 845 444; x_wconf 81' lang='lat' dir='ltr'>meridie</span> <span class='ocrx_word' id='word_1_46' title='bbox 857 402 953 450; x_wconf 69' lang='lat' dir='ltr'>turribus,</span> 
     </span>
     <span class='ocr_line' id='line_1_6' title="bbox 65 461 954 525; baseline -0.009 -14"><span class='ocrx_word' id='word_1_47' title='bbox 65 461 265 525; x_wconf 75' lang='lat' dir='ltr'>quaeaititudinein</span> <span class='ocrx_word' id='word_1_48' title='bbox 283 465 370 503; x_wconf 75' lang='lat' dir='ltr'>&#39;centum</span> <span class='ocrx_word' id='word_1_49' title='bbox 393 463 509 504; x_wconf 88' lang='lat' dir='ltr'>cubitorum</span> <span class='ocrx_word' id='word_1_50' title='bbox 524 463 630 512; x_wconf 83' lang='lat' dir='ltr'>habebant,</span> <span class='ocrx_word' id='word_1_51' title='bbox 653 465 824 504; x_wconf 82' lang='lat' dir='ltr'>centnmoubita</span> <span class='ocrx_word' id='word_1_52' title='bbox 845 465 887 504; x_wconf 85' lang='lat' dir='ltr'>tata</span> <span class='ocrx_word' id='word_1_53' title='bbox 907 465 954 503; x_wconf 85' lang='lat' dir='ltr'>crat.</span> 
     </span>
     <span class='ocr_line' id='line_1_7' title="bbox 62 521 954 580; baseline -0.011 -7"><span class='ocrx_word' id='word_1_54' title='bbox 62 532 143 574; x_wconf 76' lang='lat' dir='ltr'>Atrium</span> <span class='ocrx_word' id='word_1_55' title='bbox 164 528 246 567; x_wconf 70' lang='lat' dir='ltr'>intortas</span> <span class='ocrx_word' id='word_1_56' title='bbox 267 525 392 575; x_wconf 87' lang='lat' dir='ltr'>bipartitum</span> <span class='ocrx_word' id='word_1_57' title='bbox 415 521 549 580; x_wconf 86' lang='lat' dir='ltr'>(sacerdotum</span> <span class='ocrx_word' id='word_1_58' title='bbox 571 526 591 564; x_wconf 88' lang='lat' dir='ltr'>et</span> <span class='ocrx_word' id='word_1_59' title='bbox 606 522 756 580; x_wconf 80' lang='lat' dir='ltr'>israelitarum)</span> <span class='ocrx_word' id='word_1_60' title='bbox 779 527 826 565; x_wconf 85' lang='lat' dir='ltr'>onte</span> <span class='ocrx_word' id='word_1_61' title='bbox 847 524 954 565; x_wconf 85' lang='lat' dir='ltr'>sacrarium</span> 
     </span>
     <span class='ocr_line' id='line_1_8' title="bbox 65 585 955 645; baseline -0.009 -12"><span class='ocrx_word' id='word_1_62' title='bbox 65 595 132 645; x_wconf 87' lang='lat' dir='ltr'>ipsum</span> <span class='ocrx_word' id='word_1_63' title='bbox 147 587 234 641; x_wconf 85' lang='lat' dir='ltr'>positum</span> <span class='ocrx_word' id='word_1_64' title='bbox 251 588 301 626; x_wconf 85' lang='lat' dir='ltr'>erat.</span> <span class='ocrx_word' id='word_1_65' title='bbox 335 586 403 637; x_wconf 81' lang='lat' dir='ltr'>Atque</span> <span class='ocrx_word' id='word_1_66' title='bbox 415 586 491 626; x_wconf 86' lang='lat' dir='ltr'>atrium</span> <span class='ocrx_word' id='word_1_67' title='bbox 507 585 631 626; x_wconf 85' lang='lat' dir='ltr'>sacerdotum</span> <span class='ocrx_word' id='word_1_68' title='bbox 648 589 700 638; x_wconf 80' lang='lat' dir='ltr'>(una</span> <span class='ocrx_word' id='word_1_69' title='bbox 716 599 761 626; x_wconf 86' lang='lat' dir='ltr'>eum</span> <span class='ocrx_word' id='word_1_70' title='bbox 773 586 854 631; x_wconf 79' lang='lat' dir='ltr'>exedris</span> <span class='ocrx_word' id='word_1_71' title='bbox 866 586 888 626; x_wconf 90' lang='lat' dir='ltr'>in</span> <span class='ocrx_word' id='word_1_72' title='bbox 899 587 955 637; x_wconf 83' lang='lat' dir='ltr'>parte</span> 
     </span>
     <span class='ocr_line' id='line_1_9' title="bbox 61 643 954 702; baseline -0.002 -14"><span class='ocrx_word' id='word_1_73' title='bbox 61 654 89 695; x_wconf 66' lang='lat' dir='ltr'>‚ad</span> <span class='ocrx_word' id='word_1_74' title='bbox 104 650 225 691; x_wconf 88' lang='lat' dir='ltr'>occidentem</span> <span class='ocrx_word' id='word_1_75' title='bbox 240 658 312 687; x_wconf 86' lang='lat' dir='ltr'>versus</span> <span class='ocrx_word' id='word_1_76' title='bbox 329 643 383 701; x_wconf 79' lang='lat' dir='ltr'>sitis)</span> <span class='ocrx_word' id='word_1_77' title='bbox 401 647 487 687; x_wconf 84' lang='lat' dir='ltr'>ducenta</span> <span class='ocrx_word' id='word_1_78' title='bbox 503 646 570 686; x_wconf 82' lang='lat' dir='ltr'>cubita</span> <span class='ocrx_word' id='word_1_79' title='bbox 584 647 669 699; x_wconf 83' lang='lat' dir='ltr'>tongum</span> <span class='ocrx_word' id='word_1_80' title='bbox 687 643 722 702; x_wconf 84' lang='lat' dir='ltr'>(ab</span> <span class='ocrx_word' id='word_1_81' title='bbox 734 646 836 686; x_wconf 85' lang='lat' dir='ltr'>occidente</span> <span class='ocrx_word' id='word_1_82' title='bbox 852 646 873 686; x_wconf 89' lang='lat' dir='ltr'>in</span> <span class='ocrx_word' id='word_1_83' title='bbox 889 646 954 686; x_wconf 88' lang='lat' dir='ltr'>orien-</span> 
     </span>
     <span class='ocr_line' id='line_1_10' title="bbox 63 705 955 769; baseline -0.007 -16"><span class='ocrx_word' id='word_1_84' title='bbox 63 710 113 769; x_wconf 86' lang='lat' dir='ltr'>tem)</span> <span class='ocrx_word' id='word_1_85' title='bbox 129 712 149 751; x_wconf 89' lang='lat' dir='ltr'>et</span> <span class='ocrx_word' id='word_1_86' title='bbox 164 714 205 749; x_wconf 81' lang='lat' dir='ltr'>nna</span> <span class='ocrx_word' id='word_1_87' title='bbox 220 721 266 748; x_wconf 88' lang='lat' dir='ltr'>cum</span> <span class='ocrx_word' id='word_1_88' title='bbox 282 707 335 747; x_wconf 87' lang='lat' dir='ltr'>atrio</span> <span class='ocrx_word' id='word_1_89' title='bbox 347 708 484 748; x_wconf 85' lang='lat' dir='ltr'>Israelitarum</span> <span class='ocrx_word' id='word_1_90' title='bbox 499 705 561 765; x_wconf 87' lang='lat' dir='ltr'>(quod</span> <span class='ocrx_word' id='word_1_91' title='bbox 577 709 597 747; x_wconf 88' lang='lat' dir='ltr'>ct</span> <span class='ocrx_word' id='word_1_92' title='bbox 613 721 623 746; x_wconf 87' lang='lat' dir='ltr'>a</span> <span class='ocrx_word' id='word_1_93' title='bbox 640 707 816 759; x_wconf 82' lang='lat' dir='ltr'>septentrionibus</span> <span class='ocrx_word' id='word_1_94' title='bbox 833 709 854 746; x_wconf 92' lang='lat' dir='ltr'>et</span> <span class='ocrx_word' id='word_1_95' title='bbox 869 722 880 747; x_wconf 89' lang='lat' dir='ltr'>a</span> <span class='ocrx_word' id='word_1_96' title='bbox 895 707 955 747; x_wconf 86' lang='lat' dir='ltr'>mori·</span> 
     </span>
     <span class='ocr_line' id='line_1_11' title="bbox 62 768 955 820; baseline -0.009 -5"><span class='ocrx_word' id='word_1_97' title='bbox 62 768 100 815; x_wconf 83' lang='lat' dir='ltr'>die</span> <span class='ocrx_word' id='word_1_98' title='bbox 111 770 240 812; x_wconf 82' lang='lat' dir='ltr'>latitudinem</span> <span class='ocrx_word' id='word_1_99' title='bbox 260 768 349 820; x_wconf 83' lang='lat' dir='ltr'>triginta</span> <span class='ocrx_word' id='word_1_100' title='bbox 365 769 451 809; x_wconf 87' lang='lat' dir='ltr'>duorum</span> <span class='ocrx_word' id='word_1_101' title='bbox 468 769 581 809; x_wconf 83' lang='lat' dir='ltr'>cubitorum</span> <span class='ocrx_word' id='word_1_102' title='bbox 601 781 648 808; x_wconf 86' lang='lat' dir='ltr'>curn</span> <span class='ocrx_word' id='word_1_103' title='bbox 665 768 750 807; x_wconf 89' lang='lat' dir='ltr'>dimidio</span> <span class='ocrx_word' id='word_1_104' title='bbox 771 768 858 808; x_wconf 85' lang='lat' dir='ltr'>habebat</span> <span class='ocrx_word' id='word_1_105' title='bbox 874 770 895 807; x_wconf 89' lang='lat' dir='ltr'>et</span> <span class='ocrx_word' id='word_1_106' title='bbox 909 780 955 808; x_wconf 87' lang='lat' dir='ltr'>cen·</span> 
     </span>
     <span class='ocr_line' id='line_1_12' title="bbox 64 824 954 885; baseline -0.009 -9"><span class='ocrx_word' id='word_1_107' title='bbox 64 839 109 876; x_wconf 90' lang='lat' dir='ltr'>tum</span> <span class='ocrx_word' id='word_1_108' title='bbox 128 831 231 882; x_wconf 83' lang='lat' dir='ltr'>octoginta</span> <span class='ocrx_word' id='word_1_109' title='bbox 251 830 333 881; x_wconf 77' lang='lat' dir='ltr'>septem</span> <span class='ocrx_word' id='word_1_110' title='bbox 350 830 420 870; x_wconf 83' lang='lat' dir='ltr'>cubita</span> <span class='ocrx_word' id='word_1_111' title='bbox 440 831 523 881; x_wconf 83' lang='lat' dir='ltr'>longum</span> <span class='ocrx_word' id='word_1_112' title='bbox 544 826 595 885; x_wconf 85' lang='lat' dir='ltr'>erat)</span> <span class='ocrx_word' id='word_1_113' title='bbox 619 830 708 870; x_wconf 85' lang='lat' dir='ltr'>ducenta</span> <span class='ocrx_word' id='word_1_114' title='bbox 729 824 797 869; x_wconf 84' lang='lat' dir='ltr'>cubita</span> <span class='ocrx_word' id='word_1_115' title='bbox 818 829 892 878; x_wconf 82' lang='lat' dir='ltr'>tatum,</span> <span class='ocrx_word' id='word_1_116' title='bbox 914 842 954 869; x_wconf 87' lang='lat' dir='ltr'>non</span> 
     </span>
     <span class='ocr_line' id='line_1_13' title="bbox 65 886 954 948; baseline -0.007 -13"><span class='ocrx_word' id='word_1_117' title='bbox 65 896 112 948; x_wconf 86' lang='lat' dir='ltr'>plns</span> <span class='ocrx_word' id='word_1_118' title='bbox 127 894 214 933; x_wconf 87' lang='lat' dir='ltr'>centum</span> <span class='ocrx_word' id='word_1_119' title='bbox 228 890 333 942; x_wconf 80' lang='lat' dir='ltr'>octoginta</span> <span class='ocrx_word' id='word_1_120' title='bbox 354 892 431 942; x_wconf 81' lang='lat' dir='ltr'>septem</span> <span class='ocrx_word' id='word_1_121' title='bbox 452 891 520 930; x_wconf 87' lang='lat' dir='ltr'>cubita</span> <span class='ocrx_word' id='word_1_122' title='bbox 535 891 619 942; x_wconf 81' lang='lat' dir='ltr'>tongum</span> <span class='ocrx_word' id='word_1_123' title='bbox 642 888 676 946; x_wconf 84' lang='lat' dir='ltr'>(ab</span> <span class='ocrx_word' id='word_1_124' title='bbox 694 891 771 930; x_wconf 88' lang='lat' dir='ltr'>oriente</span> <span class='ocrx_word' id='word_1_125' title='bbox 787 890 807 929; x_wconf 90' lang='lat' dir='ltr'>in</span> <span class='ocrx_word' id='word_1_126' title='bbox 824 886 954 944; x_wconf 84' lang='lat' dir='ltr'>occidentem)</span> 
     </span>
     <span class='ocr_line' id='line_1_14' title="bbox 62 950 955 1004; baseline -0.008 -7"><span class='ocrx_word' id='word_1_127' title='bbox 62 959 86 997; x_wconf 83' lang='lat' dir='ltr'>et</span> <span class='ocrx_word' id='word_1_128' title='bbox 101 956 180 995; x_wconf 87' lang='lat' dir='ltr'>centum</span> <span class='ocrx_word' id='word_1_129' title='bbox 195 951 390 1003; x_wconf 82' lang='lat' dir='ltr'>trigintaquinque</span> <span class='ocrx_word' id='word_1_130' title='bbox 406 953 471 992; x_wconf 87' lang='lat' dir='ltr'>iatum</span> <span class='ocrx_word' id='word_1_131' title='bbox 487 964 509 992; x_wconf 89' lang='lat' dir='ltr'>ao</span> <span class='ocrx_word' id='word_1_132' title='bbox 524 952 612 1003; x_wconf 89' lang='lat' dir='ltr'>quinque</span> <span class='ocrx_word' id='word_1_133' title='bbox 629 951 728 1004; x_wconf 84' lang='lat' dir='ltr'>gradibus</span> <span class='ocrx_word' id='word_1_134' title='bbox 741 950 787 1004; x_wconf 69' lang='lat'>,(=</span> <span class='ocrx_word' id='word_1_135' title='bbox 804 951 884 991; x_wconf 88' lang='lat' dir='ltr'>dnobus</span> <span class='ocrx_word' id='word_1_136' title='bbox 900 950 955 990; x_wconf 84' lang='lat' dir='ltr'>cubi·</span> 
     </span>
     <span class='ocr_line' id='line_1_15' title="bbox 64 1008 955 1068; baseline -0.007 -11"><span class='ocrx_word' id='word_1_137' title='bbox 64 1018 91 1058; x_wconf 92' lang='lat' dir='ltr'>tis</span> <span class='ocrx_word' id='word_1_138' title='bbox 106 1028 151 1057; x_wconf 86' lang='lat' dir='ltr'>oum</span> <span class='ocrx_word' id='word_1_139' title='bbox 166 1008 257 1068; x_wconf 84' lang='lat' dir='ltr'>dimidio)</span> <span class='ocrx_word' id='word_1_140' title='bbox 274 1013 328 1052; x_wconf 87' lang='lat' dir='ltr'>atrio</span> <span class='ocrx_word' id='word_1_141' title='bbox 344 1013 482 1053; x_wconf 83' lang='lat' dir='ltr'>Israelitarnm</span> <span class='ocrx_word' id='word_1_142' title='bbox 491 1013 559 1053; x_wconf 77' lang='lat' dir='ltr'>altius</span> <span class='ocrx_word' id='word_1_143' title='bbox 574 1015 623 1053; x_wconf 90' lang='lat' dir='ltr'>erat.</span> <span class='ocrx_word' id='word_1_144' title='bbox 645 1012 729 1052; x_wconf 78' lang='lat' dir='ltr'>Atrium</span> <span class='ocrx_word' id='word_1_145' title='bbox 746 1012 851 1052; x_wconf 70' lang='lat' dir='ltr'>irretierunt</span> <span class='ocrx_word' id='word_1_146' title='bbox 867 1013 899 1052; x_wconf 78' lang='lat' dir='ltr'>ret</span> <span class='ocrx_word' id='word_1_147' title='bbox 914 1024 955 1052; x_wconf 85' lang='lat' dir='ltr'>rec·</span> 
     </span>
     <span class='ocr_line' id='line_1_16' title="bbox 63 1066 955 1129; baseline -0.007 -11"><span class='ocrx_word' id='word_1_148' title='bbox 63 1069 107 1119; x_wconf 88' lang='lat' dir='ltr'>tius</span> <span class='ocrx_word' id='word_1_149' title='bbox 123 1076 195 1123; x_wconf 70' lang='lat' dir='ltr'>cartam</span> <span class='ocrx_word' id='word_1_150' title='bbox 211 1066 296 1113; x_wconf 71' lang='lat' dir='ltr'>tardiora</span> <span class='ocrx_word' id='word_1_151' title='bbox 312 1069 332 1129; x_wconf 90' lang='lat' dir='ltr'>(I</span> <span class='ocrx_word' id='word_1_152' title='bbox 342 1074 374 1126; x_wconf 78' lang='lat' dir='ltr'>rag</span> <span class='ocrx_word' id='word_1_153' title='bbox 386 1079 404 1123; x_wconf 80' lang='grc'>8,</span> <span class='ocrx_word' id='word_1_154' title='bbox 418 1080 451 1116; x_wconf 73' lang='grc'>64..</span> <span class='ocrx_word' id='word_1_155' title='bbox 468 1075 487 1113; x_wconf 90' lang='grc' dir='ltr'>Π</span> <span class='ocrx_word' id='word_1_156' title='bbox 499 1074 536 1113; x_wconf 79' lang='lat' dir='ltr'>chr</span> <span class='ocrx_word' id='word_1_157' title='bbox 548 1080 566 1122; x_wconf 79' lang='grc'>7,</span> <span class='ocrx_word' id='word_1_158' title='bbox 579 1071 607 1129; x_wconf 80' lang='lat'>7),</span> <span class='ocrx_word' id='word_1_159' title='bbox 624 1073 742 1125; x_wconf 84' lang='lat' dir='ltr'>quindecim</span> <span class='ocrx_word' id='word_1_160' title='bbox 753 1073 850 1125; x_wconf 77' lang='lat' dir='ltr'>gradibus</span> <span class='ocrx_word' id='word_1_161' title='bbox 862 1070 899 1129; x_wconf 69' lang='grc' dir='ltr'>(ε</span> <span class='ocrx_word' id='word_1_162' title='bbox 911 1085 955 1124; x_wconf 86' lang='lat' dir='ltr'>scp-</span> 
     </span>
     <span class='ocr_line' id='line_1_17' title="bbox 65 1132 956 1189; baseline -0.006 -11"><span class='ocrx_word' id='word_1_163' title='bbox 65 1141 105 1178; x_wconf 90' lang='lat' dir='ltr'>tem</span> <span class='ocrx_word' id='word_1_164' title='bbox 122 1135 194 1176; x_wconf 87' lang='lat' dir='ltr'>cubitis</span> <span class='ocrx_word' id='word_1_165' title='bbox 216 1147 262 1173; x_wconf 89' lang='lat' dir='ltr'>cum</span> <span class='ocrx_word' id='word_1_166' title='bbox 278 1132 374 1189; x_wconf 85' lang='lat' dir='ltr'>dimidio)</span> <span class='ocrx_word' id='word_1_167' title='bbox 397 1135 448 1175; x_wconf 89' lang='lat' dir='ltr'>atrio</span> <span class='ocrx_word' id='word_1_168' title='bbox 468 1135 561 1175; x_wconf 85' lang='lat' dir='ltr'>interiora</span> <span class='ocrx_word' id='word_1_169' title='bbox 582 1134 673 1183; x_wconf 85' lang='lat' dir='ltr'>inferius,</span> <span class='ocrx_word' id='word_1_170' title='bbox 697 1135 740 1174; x_wconf 88' lang='lat' dir='ltr'>sine</span> <span class='ocrx_word' id='word_1_171' title='bbox 760 1132 854 1174; x_wconf 82' lang='lat' dir='ltr'>aedificiis</span> <span class='ocrx_word' id='word_1_172' title='bbox 870 1134 956 1174; x_wconf 86' lang='lat' dir='ltr'>ducenta</span> 
     </span>
     <span class='ocr_line' id='line_1_18' title="bbox 63 1189 955 1251; baseline -0.006 -12"><span class='ocrx_word' id='word_1_173' title='bbox 63 1197 133 1239; x_wconf 86' lang='lat' dir='ltr'>cubita</span> <span class='ocrx_word' id='word_1_174' title='bbox 147 1196 211 1236; x_wconf 85' lang='lat' dir='ltr'>latam</span> <span class='ocrx_word' id='word_1_175' title='bbox 228 1191 248 1251; x_wconf 83' lang='lat' dir='ltr'>(a</span> <span class='ocrx_word' id='word_1_176' title='bbox 264 1195 439 1246; x_wconf 87' lang='lat' dir='ltr'>septentrionibus</span> <span class='ocrx_word' id='word_1_177' title='bbox 455 1196 477 1235; x_wconf 89' lang='lat' dir='ltr'>in</span> <span class='ocrx_word' id='word_1_178' title='bbox 493 1192 613 1246; x_wconf 66' lang='lat' dir='ltr'>moridiemt</span> <span class='ocrx_word' id='word_1_179' title='bbox 626 1197 647 1235; x_wconf 89' lang='lat' dir='ltr'>et</span> <span class='ocrx_word' id='word_1_180' title='bbox 663 1198 747 1235; x_wconf 83' lang='lat' dir='ltr'>centum</span> <span class='ocrx_word' id='word_1_181' title='bbox 763 1189 955 1247; x_wconf 77' lang='lat' dir='ltr'>trigintaquinque</span> 
     </span>
     <span class='ocr_line' id='line_1_19' title="bbox 66 1252 955 1312; baseline -0.006 -12"><span class='ocrx_word' id='word_1_182' title='bbox 66 1261 149 1310; x_wconf 80' lang='lat' dir='ltr'>longum</span> <span class='ocrx_word' id='word_1_183' title='bbox 164 1259 211 1296; x_wconf 83' lang='lat' dir='ltr'>erat.</span> <span class='ocrx_word' id='word_1_184' title='bbox 245 1256 294 1296; x_wconf 73' lang='lat' dir='ltr'>roro</span> <span class='ocrx_word' id='word_1_185' title='bbox 311 1258 364 1308; x_wconf 77' lang='lat' dir='ltr'>rapto</span> <span class='ocrx_word' id='word_1_186' title='bbox 380 1270 439 1297; x_wconf 83' lang='lat' dir='ltr'>sccrc</span> <span class='ocrx_word' id='word_1_187' title='bbox 460 1257 613 1309; x_wconf 77' lang='lat' dir='ltr'>quadringenta</span> <span class='ocrx_word' id='word_1_188' title='bbox 626 1256 697 1296; x_wconf 84' lang='lat' dir='ltr'>cubita</span> <span class='ocrx_word' id='word_1_189' title='bbox 717 1258 780 1308; x_wconf 82' lang='lat' dir='ltr'>longa</span> <span class='ocrx_word' id='word_1_190' title='bbox 799 1252 833 1312; x_wconf 79' lang='lat' dir='ltr'>(ab</span> <span class='ocrx_word' id='word_1_191' title='bbox 854 1256 955 1296; x_wconf 82' lang='lat' dir='ltr'>occidente</span> 
     </span>
     <span class='ocr_line' id='line_1_20' title="bbox 64 1314 955 1373; baseline -0.004 -13"><span class='ocrx_word' id='word_1_192' title='bbox 64 1314 205 1373; x_wconf 78' lang='lat' dir='ltr'>morientem)</span> <span class='ocrx_word' id='word_1_193' title='bbox 223 1317 243 1356; x_wconf 89' lang='lat' dir='ltr'>et</span> <span class='ocrx_word' id='word_1_194' title='bbox 257 1318 352 1357; x_wconf 85' lang='lat' dir='ltr'>trecenta</span> <span class='ocrx_word' id='word_1_195' title='bbox 367 1317 409 1358; x_wconf 84' lang='lat' dir='ltr'>iata</span> <span class='ocrx_word' id='word_1_196' title='bbox 424 1325 467 1357; x_wconf 87' lang='lat' dir='ltr'>erat</span> <span class='ocrx_word' id='word_1_197' title='bbox 482 1317 495 1359; x_wconf 90' lang='lat' dir='ltr'>i.</span> <span class='ocrx_word' id='word_1_198' title='bbox 506 1331 522 1359; x_wconf 87' lang='lat' dir='ltr'>e.</span> <span class='ocrx_word' id='word_1_199' title='bbox 539 1317 628 1370; x_wconf 86' lang='lat' dir='ltr'>spatium</span> <span class='ocrx_word' id='word_1_200' title='bbox 644 1319 727 1357; x_wconf 88' lang='lat' dir='ltr'>centum</span> <span class='ocrx_word' id='word_1_201' title='bbox 739 1317 814 1369; x_wconf 86' lang='lat' dir='ltr'>viginti</span> <span class='ocrx_word' id='word_1_202' title='bbox 830 1316 910 1357; x_wconf 88' lang='lat' dir='ltr'>milium</span> <span class='ocrx_word' id='word_1_203' title='bbox 921 1329 955 1356; x_wconf 91' lang='lat' dir='ltr'>cu-</span> 
     </span>
     <span class='ocr_line' id='line_1_21' title="bbox 66 1377 955 1431; baseline -0.003 -11"><span class='ocrx_word' id='word_1_204' title='bbox 66 1380 155 1420; x_wconf 87' lang='lat' dir='ltr'>bitorum</span> <span class='ocrx_word' id='word_1_205' title='bbox 170 1377 321 1429; x_wconf 78' lang='lat' dir='ltr'>quadratorum.</span> <span class='ocrx_word' id='word_1_206' title='bbox 353 1379 411 1427; x_wconf 80' lang='lat' dir='ltr'>Area,</span> <span class='ocrx_word' id='word_1_207' title='bbox 433 1392 484 1430; x_wconf 86' lang='lat' dir='ltr'>quae</span> <span class='ocrx_word' id='word_1_208' title='bbox 500 1381 542 1419; x_wconf 90' lang='lat' dir='ltr'>tam</span> <span class='ocrx_word' id='word_1_209' title='bbox 558 1378 647 1418; x_wconf 83' lang='lat' dir='ltr'>aedificia</span> <span class='ocrx_word' id='word_1_210' title='bbox 665 1392 677 1418; x_wconf 90' lang='lat' dir='ltr'>a</span> <span class='ocrx_word' id='word_1_211' title='bbox 694 1378 874 1431; x_wconf 69' lang='lat' dir='ltr'>septentrionibus,</span> <span class='ocrx_word' id='word_1_212' title='bbox 895 1378 955 1419; x_wconf 86' lang='lat' dir='ltr'>meri-</span> 
     </span>
     <span class='ocr_line' id='line_1_22' title="bbox 66 1438 956 1490; baseline -0.002 -10"><span class='ocrx_word' id='word_1_213' title='bbox 66 1441 103 1489; x_wconf 86' lang='lat' dir='ltr'>die,</span> <span class='ocrx_word' id='word_1_214' title='bbox 120 1439 195 1479; x_wconf 88' lang='lat' dir='ltr'>oriente</span> <span class='ocrx_word' id='word_1_215' title='bbox 216 1440 321 1479; x_wconf 84' lang='lat' dir='ltr'>exstructa</span> <span class='ocrx_word' id='word_1_216' title='bbox 343 1452 404 1490; x_wconf 85' lang='lat' dir='ltr'>quam</span> <span class='ocrx_word' id='word_1_217' title='bbox 420 1440 502 1479; x_wconf 84' lang='lat' dir='ltr'>exedras</span> <span class='ocrx_word' id='word_1_218' title='bbox 523 1440 547 1479; x_wconf 89' lang='lat' dir='ltr'>ab</span> <span class='ocrx_word' id='word_1_219' title='bbox 563 1439 667 1480; x_wconf 81' lang='lat' dir='ltr'>occidente</span> <span class='ocrx_word' id='word_1_220' title='bbox 689 1439 765 1490; x_wconf 84' lang='lat' dir='ltr'>positas</span> <span class='ocrx_word' id='word_1_221' title='bbox 782 1438 920 1478; x_wconf 85' lang='lat' dir='ltr'>circumdabat</span> <span class='ocrx_word' id='word_1_222' title='bbox 936 1440 956 1478; x_wconf 84' lang='lat' dir='ltr'>et</span> 
     </span>
     <span class='ocr_line' id='line_1_23' title="bbox 65 1499 955 1552; baseline -0.002 -12"><span class='ocrx_word' id='word_1_223' title='bbox 65 1502 113 1540; x_wconf 37' lang='lat' dir='ltr'>vota</span> <span class='ocrx_word' id='word_1_224' title='bbox 128 1499 240 1548; x_wconf 75' lang='lat' dir='ltr'>vocabatur,</span> <span class='ocrx_word' id='word_1_225' title='bbox 257 1501 301 1539; x_wconf 90' lang='lat' dir='ltr'>erat</span> <span class='ocrx_word' id='word_1_226' title='bbox 317 1500 442 1551; x_wconf 86' lang='lat' dir='ltr'>quadratum</span> <span class='ocrx_word' id='word_1_227' title='bbox 458 1500 652 1552; x_wconf 79' lang='lat' dir='ltr'>quadringentorum</span> <span class='ocrx_word' id='word_1_228' title='bbox 669 1501 787 1540; x_wconf 82' lang='lat' dir='ltr'>cubitorum</span> <span class='ocrx_word' id='word_1_229' title='bbox 803 1499 816 1539; x_wconf 89' lang='lat' dir='ltr'>i.</span> <span class='ocrx_word' id='word_1_230' title='bbox 834 1513 850 1540; x_wconf 87' lang='lat' dir='ltr'>c.</span> <span class='ocrx_word' id='word_1_231' title='bbox 867 1499 955 1551; x_wconf 86' lang='lat' dir='ltr'>spatium</span> 
     </span>
     <span class='ocr_line' id='line_1_24' title="bbox 67 1560 954 1613; baseline -0.001 -12"><span class='ocrx_word' id='word_1_232' title='bbox 67 1563 146 1601; x_wconf 86' lang='lat' dir='ltr'>centum</span> <span class='ocrx_word' id='word_1_233' title='bbox 166 1561 268 1613; x_wconf 81' lang='lat' dir='ltr'>sexaginta</span> <span class='ocrx_word' id='word_1_234' title='bbox 289 1561 372 1601; x_wconf 82' lang='lat' dir='ltr'>mitium</span> <span class='ocrx_word' id='word_1_235' title='bbox 389 1561 502 1601; x_wconf 86' lang='lat' dir='ltr'>cubitorum</span> <span class='ocrx_word' id='word_1_236' title='bbox 518 1562 668 1612; x_wconf 85' lang='lat' dir='ltr'>quadratorum.</span> <span class='ocrx_word' id='word_1_237' title='bbox 701 1561 750 1601; x_wconf 80' lang='lat' dir='ltr'>Erat</span> <span class='ocrx_word' id='word_1_238' title='bbox 766 1560 872 1601; x_wconf 81' lang='lat' dir='ltr'>duodecim</span> <span class='ocrx_word' id='word_1_239' title='bbox 888 1560 954 1613; x_wconf 80' lang='lat' dir='ltr'>gradi-</span> 
     </span>
     <span class='ocr_line' id='line_1_25' title="bbox 66 1617 955 1677; baseline -0.001 -15"><span class='ocrx_word' id='word_1_240' title='bbox 66 1624 103 1662; x_wconf 87' lang='lat' dir='ltr'>bus</span> <span class='ocrx_word' id='word_1_241' title='bbox 119 1618 155 1677; x_wconf 87' lang='lat'>(=</span> <span class='ocrx_word' id='word_1_242' title='bbox 173 1634 209 1661; x_wconf 80' lang='lat' dir='ltr'>sex</span> <span class='ocrx_word' id='word_1_243' title='bbox 221 1617 305 1677; x_wconf 82' lang='lat' dir='ltr'>cubitis)</span> <span class='ocrx_word' id='word_1_244' title='bbox 327 1621 389 1661; x_wconf 84' lang='lat' dir='ltr'>attius</span> <span class='ocrx_word' id='word_1_245' title='bbox 410 1620 462 1662; x_wconf 79' lang='lat' dir='ltr'>ctrtc</span> <span class='ocrx_word' id='word_1_246' title='bbox 476 1624 566 1674; x_wconf 71' lang='lat' dir='ltr'>pennam,</span> <span class='ocrx_word' id='word_1_247' title='bbox 588 1622 643 1673; x_wconf 90' lang='lat' dir='ltr'>quod</span> <span class='ocrx_word' id='word_1_248' title='bbox 660 1628 764 1662; x_wconf 78' lang='lat' dir='ltr'>unacum</span> <span class='ocrx_word' id='word_1_249' title='bbox 780 1621 838 1661; x_wconf 86' lang='lat' dir='ltr'>atriis</span> <span class='ocrx_word' id='word_1_250' title='bbox 854 1621 955 1662; x_wconf 84' lang='lat' dir='ltr'>interiori-</span> 
     </span>
     <span class='ocr_line' id='line_1_26' title="bbox 65 1682 955 1734; baseline -0.002 -11"><span class='ocrx_word' id='word_1_251' title='bbox 65 1684 103 1723; x_wconf 84' lang='lat' dir='ltr'>bus</span> <span class='ocrx_word' id='word_1_252' title='bbox 119 1684 139 1722; x_wconf 87' lang='lat' dir='ltr'>et</span> <span class='ocrx_word' id='word_1_253' title='bbox 154 1695 198 1722; x_wconf 85' lang='lat' dir='ltr'>area</span> <span class='ocrx_word' id='word_1_254' title='bbox 220 1682 345 1734; x_wconf 86' lang='lat' dir='ltr'>quadratum</span> <span class='ocrx_word' id='word_1_255' title='bbox 367 1683 525 1734; x_wconf 82' lang='lat' dir='ltr'>quingentorum</span> <span class='ocrx_word' id='word_1_256' title='bbox 546 1683 662 1723; x_wconf 85' lang='lat' dir='ltr'>cubitorum</span> <span class='ocrx_word' id='word_1_257' title='bbox 679 1683 780 1723; x_wconf 82' lang='lat' dir='ltr'>formabat</span> <span class='ocrx_word' id='word_1_258' title='bbox 800 1683 813 1724; x_wconf 91' lang='lat' dir='ltr'>i.</span> <span class='ocrx_word' id='word_1_259' title='bbox 829 1696 853 1727; x_wconf 38' lang='lat' dir='ltr'>e..</span> <span class='ocrx_word' id='word_1_260' title='bbox 867 1683 955 1734; x_wconf 86' lang='lat' dir='ltr'>spatium</span> 
     </span>
     <span class='ocr_line' id='line_1_27' title="bbox 67 1743 956 1796; baseline 0 -13"><span class='ocrx_word' id='word_1_261' title='bbox 67 1745 196 1784; x_wconf 87' lang='lat' dir='ltr'>ducentorum</span> <span class='ocrx_word' id='word_1_262' title='bbox 213 1743 364 1796; x_wconf 83' lang='lat' dir='ltr'>qninquaginta</span> <span class='ocrx_word' id='word_1_263' title='bbox 379 1744 456 1784; x_wconf 88' lang='lat' dir='ltr'>milium</span> <span class='ocrx_word' id='word_1_264' title='bbox 479 1746 592 1784; x_wconf 88' lang='lat' dir='ltr'>cubitorum</span> <span class='ocrx_word' id='word_1_265' title='bbox 608 1744 762 1795; x_wconf 75' lang='lat' dir='ltr'>quadratorum.</span> <span class='ocrx_word' id='word_1_266' title='bbox 795 1743 870 1783; x_wconf 76' lang='lat' dir='ltr'>Sotium</span> <span class='ocrx_word' id='word_1_267' title='bbox 886 1744 956 1795; x_wconf 88' lang='lat' dir='ltr'>templi</span> 
     </span>
     <span class='ocr_line' id='line_1_28' title="bbox 66 1801 956 1860; baseline 0.001 -17"><span class='ocrx_word' id='word_1_268' title='bbox 66 1805 129 1855; x_wconf 75' lang='lat' dir='ltr'>igitur</span> <span class='ocrx_word' id='word_1_269' title='bbox 146 1804 207 1856; x_wconf 56' lang='lat' dir='ltr'>rat</span> <span class='ocrx_word' id='word_1_270' title='bbox 217 1811 242 1847; x_wconf 82' lang='lat'>15</span> <span class='ocrx_word' id='word_1_271' title='bbox 252 1803 279 1856; x_wconf 53' lang='lat' dir='ltr'>t</span> <span class='ocrx_word' id='word_1_272' title='bbox 290 1810 301 1847; x_wconf 84' lang='lat'>5</span> <span class='ocrx_word' id='word_1_273' title='bbox 311 1803 339 1856; x_wconf 57' lang='lat' dir='ltr'>t</span> <span class='ocrx_word' id='word_1_274' title='bbox 350 1810 376 1846; x_wconf 78' lang='lat' dir='ltr'>aa</span> <span class='ocrx_word' id='word_1_275' title='bbox 397 1805 494 1857; x_wconf 76' lang='lat' dir='ltr'>gradibus</span> <span class='ocrx_word' id='word_1_276' title='bbox 516 1803 553 1860; x_wconf 60' lang='grc' dir='ltr'>(ε</span> <span class='ocrx_word' id='word_1_277' title='bbox 570 1804 616 1856; x_wconf 52' lang='lat' dir='ltr'>aa</span> <span class='ocrx_word' id='word_1_278' title='bbox 627 1801 669 1859; x_wconf 49' lang='grc' dir='ltr'>τηρ</span> <span class='ocrx_word' id='word_1_279' title='bbox 682 1803 710 1856; x_wconf 54' lang='grc' dir='ltr'>ΔΓ</span> <span class='ocrx_word' id='word_1_280' title='bbox 721 1804 761 1857; x_wconf 71' lang='lat' dir='ltr'>21s2</span> <span class='ocrx_word' id='word_1_281' title='bbox 771 1803 820 1856; x_wconf 51' lang='lat' dir='ltr'>aa</span> <span class='ocrx_word' id='word_1_282' title='bbox 837 1823 866 1838; x_wconf 86' lang='lat'>=</span> <span class='ocrx_word' id='word_1_283' title='bbox 882 1805 956 1856; x_wconf 72' lang='lat' dir='ltr'>viginti</span> 
     </span>
     <span class='ocr_line' id='line_1_29' title="bbox 67 1861 955 1921; baseline 0 -17"><span class='ocrx_word' id='word_1_284' title='bbox 67 1865 143 1906; x_wconf 85' lang='lat' dir='ltr'>duobus</span> <span class='ocrx_word' id='word_1_285' title='bbox 159 1861 240 1921; x_wconf 86' lang='lat' dir='ltr'>cubitis)</span> <span class='ocrx_word' id='word_1_286' title='bbox 262 1865 325 1905; x_wconf 84' lang='lat' dir='ltr'>attius</span> <span class='ocrx_word' id='word_1_287' title='bbox 347 1867 390 1905; x_wconf 82' lang='lat' dir='ltr'>erat</span> <span class='ocrx_word' id='word_1_288' title='bbox 407 1867 457 1905; x_wconf 90' lang='lat' dir='ltr'>atrio</span> <span class='ocrx_word' id='word_1_289' title='bbox 474 1866 569 1917; x_wconf 81' lang='lat' dir='ltr'>gentium,</span> <span class='ocrx_word' id='word_1_290' title='bbox 590 1866 645 1917; x_wconf 88' lang='lat' dir='ltr'>qnod</span> <span class='ocrx_word' id='word_1_291' title='bbox 662 1865 754 1916; x_wconf 89' lang='lat' dir='ltr'>undique</span> <span class='ocrx_word' id='word_1_292' title='bbox 770 1865 865 1917; x_wconf 84' lang='lat' dir='ltr'>porticus</span> <span class='ocrx_word' id='word_1_293' title='bbox 876 1866 908 1906; x_wconf 84' lang='lat' dir='ltr'>vet</span> <span class='ocrx_word' id='word_1_294' title='bbox 923 1879 955 1905; x_wconf 90' lang='lat' dir='ltr'>ex-</span> 
     </span>
     <span class='ocr_line' id='line_1_30' title="bbox 64 1925 955 1978; baseline 0.004 -13"><span class='ocrx_word' id='word_1_295' title='bbox 64 1925 129 1974; x_wconf 81' lang='lat' dir='ltr'>edrae,</span> <span class='ocrx_word' id='word_1_296' title='bbox 150 1939 223 1977; x_wconf 87' lang='lat' dir='ltr'>eaeque</span> <span class='ocrx_word' id='word_1_297' title='bbox 245 1926 358 1966; x_wconf 85' lang='lat' dir='ltr'>ameridie</span> <span class='ocrx_word' id='word_1_298' title='bbox 380 1927 460 1966; x_wconf 79' lang='lat' dir='ltr'>latiores</span> <span class='ocrx_word' id='word_1_299' title='bbox 481 1940 541 1977; x_wconf 83' lang='lat' dir='ltr'>quam</span> <span class='ocrx_word' id='word_1_300' title='bbox 561 1927 660 1967; x_wconf 86' lang='lat' dir='ltr'>acetexis</span> <span class='ocrx_word' id='word_1_301' title='bbox 678 1927 777 1978; x_wconf 83' lang='lat' dir='ltr'>partibus,</span> <span class='ocrx_word' id='word_1_302' title='bbox 800 1926 955 1968; x_wconf 80' lang='lat' dir='ltr'>circumdabant.</span> 
     </span>
     <span class='ocr_line' id='line_1_31' title="bbox 64 1986 847 2039; baseline 0.001 -14"><span class='ocrx_word' id='word_1_303' title='bbox 64 1986 194 2038; x_wconf 75' lang='lat' dir='ltr'>Singularnm</span> <span class='ocrx_word' id='word_1_304' title='bbox 208 1987 298 2038; x_wconf 87' lang='lat' dir='ltr'>partium</span> <span class='ocrx_word' id='word_1_305' title='bbox 315 1988 468 2039; x_wconf 80' lang='lat' dir='ltr'>proportionem</span> <span class='ocrx_word' id='word_1_306' title='bbox 484 1990 553 2028; x_wconf 83' lang='lat' dir='ltr'>auctor</span> <span class='ocrx_word' id='word_1_307' title='bbox 568 2001 587 2039; x_wconf 89' lang='lat' dir='ltr'>p.</span> <span class='ocrx_word' id='word_1_308' title='bbox 607 1993 727 2030; x_wconf 45' lang='lat' dir='ltr'>rot—1⁴10</span> <span class='ocrx_word' id='word_1_309' title='bbox 745 1987 847 2027; x_wconf 86' lang='lat' dir='ltr'>describit.</span> 
     </span>
    </p>
   </div>
   <div class='ocr_carea' id='block_1_2' title="bbox 403 2179 618 2237">
    <p class='ocr_par' dir='ltr' id='par_1_2' title="bbox 403 2179 618 2237">
     <span class='ocr_line' id='line_1_32' title="bbox 403 2179 618 2237; baseline -0.005 -12"><span class='ocrx_word' id='word_1_310' title='bbox 403 2179 499 2225; x_wconf 75' lang='lat' dir='ltr'>Sentio</span> <span class='ocrx_word' id='word_1_311' title='bbox 516 2181 618 2237; x_wconf 86' lang='lat' dir='ltr'>quinta</span> 
     </span>
    </p>
   </div>
   <div class='ocr_carea' id='block_1_3' title="bbox 168 2303 857 2384">
    <p class='ocr_par' dir='ltr' id='par_1_3' title="bbox 168 2303 857 2384">
     <span class='ocr_line' id='line_1_33' title="bbox 168 2303 857 2384; baseline 0.003 -30"><span class='ocrx_word' id='word_1_312' title='bbox 168 2303 219 2382; x_wconf 84' lang='lat' dir='ltr'>De</span> <span class='ocrx_word' id='word_1_313' title='bbox 238 2303 326 2384; x_wconf 71' lang='lat' dir='ltr'>attis</span> <span class='ocrx_word' id='word_1_314' title='bbox 347 2304 501 2368; x_wconf 80' lang='lat' dir='ltr'>templis</span> <span class='ocrx_word' id='word_1_315' title='bbox 521 2303 666 2357; x_wconf 76' lang='lat' dir='ltr'>Jahvac</span> <span class='ocrx_word' id='word_1_316' title='bbox 687 2304 857 2356; x_wconf 84' lang='lat' dir='ltr'>sacratis</span> 
     </span>
    </p>
   </div>
   <div class='ocr_carea' id='block_1_4' title="bbox 64 2432 957 2637">
    <p class='ocr_par' dir='ltr' id='par_1_4' title="bbox 64 2432 957 2637">
     <span class='ocr_line' id='line_1_34' title="bbox 126 2432 957 2492; baseline 0.004 -17"><span class='ocrx_word' id='word_1_317' title='bbox 126 2432 216 2477; x_wconf 72' lang='lat' dir='ltr'>Praeter</span> <span class='ocrx_word' id='word_1_318' title='bbox 232 2433 340 2490; x_wconf 81' lang='lat' dir='ltr'>tempium</span> <span class='ocrx_word' id='word_1_319' title='bbox 362 2433 517 2492; x_wconf 73' lang='lat' dir='ltr'>Hierosolymis</span> <span class='ocrx_word' id='word_1_320' title='bbox 544 2436 679 2477; x_wconf 82' lang='lat' dir='ltr'>exstructum</span> <span class='ocrx_word' id='word_1_321' title='bbox 706 2434 750 2478; x_wconf 79' lang='lat' dir='ltr'>alia</span> <span class='ocrx_word' id='word_1_322' title='bbox 772 2449 856 2492; x_wconf 85' lang='lat' dir='ltr'>quoqne</span> <span class='ocrx_word' id='word_1_323' title='bbox 878 2435 957 2491; x_wconf 85' lang='lat' dir='ltr'>tempta</span> 
     </span>
     <span class='ocr_line' id='line_1_35' title="bbox 64 2502 957 2564; baseline 0.008 -20"><span class='ocrx_word' id='word_1_324' title='bbox 64 2502 148 2548; x_wconf 68' lang='lat' dir='ltr'>dativae</span> <span class='ocrx_word' id='word_1_325' title='bbox 164 2507 244 2550; x_wconf 86' lang='lat' dir='ltr'>sacrata</span> <span class='ocrx_word' id='word_1_326' title='bbox 256 2506 445 2549; x_wconf 84' lang='lat' dir='ltr'>commemoranda</span> <span class='ocrx_word' id='word_1_327' title='bbox 461 2509 517 2558; x_wconf 86' lang='lat' dir='ltr'>sunt,</span> <span class='ocrx_word' id='word_1_328' title='bbox 533 2507 637 2564; x_wconf 84' lang='lat' dir='ltr'>temptum</span> <span class='ocrx_word' id='word_1_329' title='bbox 649 2507 837 2551; x_wconf 83' lang='lat' dir='ltr'>Samaritanorum</span> <span class='ocrx_word' id='word_1_330' title='bbox 852 2507 875 2551; x_wconf 84' lang='lat' dir='ltr'>in</span> <span class='ocrx_word' id='word_1_331' title='bbox 885 2510 957 2552; x_wconf 85' lang='lat' dir='ltr'>monte</span> 
     </span>
     <span class='ocr_line' id='line_1_36' title="bbox 65 2575 957 2637; baseline 0.007 -18"><span class='ocrx_word' id='word_1_332' title='bbox 65 2575 159 2622; x_wconf 50' lang='lat' dir='ltr'>‘Gerizim</span> <span class='ocrx_word' id='word_1_333' title='bbox 175 2579 310 2623; x_wconf 84' lang='lat' dir='ltr'>aedificatum</span> <span class='ocrx_word' id='word_1_334' title='bbox 331 2579 448 2636; x_wconf 79' lang='lat' dir='ltr'>attempta</span> <span class='ocrx_word' id='word_1_335' title='bbox 464 2578 602 2622; x_wconf 67' lang='lat' dir='ltr'>tudam-um</span> <span class='ocrx_word' id='word_1_336' title='bbox 614 2581 637 2623; x_wconf 90' lang='lat' dir='ltr'>in</span> <span class='ocrx_word' id='word_1_337' title='bbox 655 2580 756 2637; x_wconf 81' lang='lat' dir='ltr'>Aegypto</span> <span class='ocrx_word' id='word_1_338' title='bbox 774 2581 957 2626; x_wconf 84' lang='lat' dir='ltr'>commorantium.</span> 
     </span>
    </p>
   </div>
   <div class='ocr_carea' id='block_1_5' title="bbox 414 2737 610 2796">
    <p class='ocr_par' dir='ltr' id='par_1_5' title="bbox 414 2737 610 2796">
     <span class='ocr_line' id='line_1_37' title="bbox 414 2737 610 2796; baseline 0.015 -13"><span class='ocrx_word' id='word_1_339' title='bbox 414 2737 490 2795; x_wconf 77' lang='lat' dir='ltr'>Caput</span> <span class='ocrx_word' id='word_1_340' title='bbox 505 2740 610 2796; x_wconf 82' lang='lat' dir='ltr'>primum</span> 
     </span>
    </p>
   </div>
   <div class='ocr_carea' id='block_1_6' title="bbox 296 2857 728 2919">
    <p class='ocr_par' dir='ltr' id='par_1_6' title="bbox 296 2857 728 2919">
     <span class='ocr_line' id='line_1_38' title="bbox 296 2857 728 2919; baseline 0.007 -8"><span class='ocrx_word' id='word_1_341' title='bbox 296 2866 338 2911; x_wconf 90' lang='lat' dir='ltr'>De</span> <span class='ocrx_word' id='word_1_342' title='bbox 357 2865 462 2919; x_wconf 85' lang='lat' dir='ltr'>templo</span> <span class='ocrx_word' id='word_1_343' title='bbox 483 2857 728 2914; x_wconf 81' lang='lat' dir='ltr'>Samaritanorum</span> 
     </span>
    </p>
   </div>
   <div class='ocr_carea' id='block_1_7' title="bbox 66 2962 961 3254">
    <p class='ocr_par' dir='ltr' id='par_1_7' title="bbox 130 2962 959 3057">
     <span class='ocr_line' id='line_1_39' title="bbox 130 2962 959 3057; baseline 0.005 -21"><span class='ocrx_word' id='word_1_344' title='bbox 130 2992 205 3036; x_wconf 79' lang='lat' dir='ltr'>Coloni</span> <span class='ocrx_word' id='word_1_345' title='bbox 220 3010 233 3036; x_wconf 82' lang='lat' dir='ltr'>a</span> <span class='ocrx_word' id='word_1_346' title='bbox 248 2993 333 3050; x_wconf 77' lang='lat' dir='ltr'>sargon</span> <span class='ocrx_word' id='word_1_347' title='bbox 349 2991 372 3035; x_wconf 82' lang='lat' dir='ltr'>H</span> <span class='ocrx_word' id='word_1_348' title='bbox 388 2992 420 3052; x_wconf 77' lang='lat' dir='ltr'>[H</span> <span class='ocrx_word' id='word_1_349' title='bbox 435 2981 470 3050; x_wconf 67' lang='lat' dir='ltr'>Rp</span> <span class='ocrx_word' id='word_1_350' title='bbox 488 2998 520 3044; x_wconf 76' lang='grc'>17,</span> <span class='ocrx_word' id='word_1_351' title='bbox 532 2995 569 3055; x_wconf 78' lang='lat'>24)</span> <span class='ocrx_word' id='word_1_352' title='bbox 583 2996 610 3042; x_wconf 62' lang='lat' dir='ltr'>,et</span> <span class='ocrx_word' id='word_1_353' title='bbox 625 2997 701 3052; x_wconf 87' lang='lat' dir='ltr'>postca</span> <span class='ocrx_word' id='word_1_354' title='bbox 717 2995 743 3038; x_wconf 84' lang='lat' dir='ltr'>ab</span> <span class='ocrx_word' id='word_1_355' title='bbox 760 2962 898 3039; x_wconf 72' lang='lat' dir='ltr'>Esarhaddon</span> <span class='ocrx_word' id='word_1_356' title='bbox 914 2996 959 3057; x_wconf 77' lang='lat' dir='ltr'>(Esr</span> 
     </span>
    </p>

    <p class='ocr_par' dir='ltr' id='par_1_8' title="bbox 66 3064 961 3254">
     <span class='ocr_line' id='line_1_40' title="bbox 69 3064 959 3127; baseline 0.007 -19"><span class='ocrx_word' id='word_1_357' title='bbox 69 3065 89 3114; x_wconf 76' lang='grc'>4,</span> <span class='ocrx_word' id='word_1_358' title='bbox 101 3064 141 3125; x_wconf 67' lang='grc'>2)1</span> <span class='ocrx_word' id='word_1_359' title='bbox 158 3069 219 3124; x_wconf 88' lang='lat' dir='ltr'>atque</span> <span class='ocrx_word' id='word_1_360' title='bbox 235 3066 393 3122; x_wconf 84' lang='lat' dir='ltr'>Assurbanipat</span> <span class='ocrx_word' id='word_1_361' title='bbox 409 3065 444 3126; x_wconf 77' lang='lat' dir='ltr'>(ib.</span> <span class='ocrx_word' id='word_1_362' title='bbox 462 3082 480 3114; x_wconf 78' lang='lat' dir='ltr'>r.</span> <span class='ocrx_word' id='word_1_363' title='bbox 493 3071 506 3114; x_wconf 77' lang='lat'>9</span> <span class='ocrx_word' id='word_1_364' title='bbox 518 3069 542 3127; x_wconf 79' lang='lat' dir='ltr'>s.)</span> <span class='ocrx_word' id='word_1_365' title='bbox 559 3083 585 3112; x_wconf 86' lang='lat' dir='ltr'>cx</span> <span class='ocrx_word' id='word_1_366' title='bbox 596 3068 721 3126; x_wconf 81' lang='lat' dir='ltr'>Babylonia</span> <span class='ocrx_word' id='word_1_367' title='bbox 736 3068 872 3126; x_wconf 74' lang='lat' dir='ltr'>ctAssyria2</span> <span class='ocrx_word' id='word_1_368' title='bbox 888 3071 912 3114; x_wconf 87' lang='lat' dir='ltr'>in</span> <span class='ocrx_word' id='word_1_369' title='bbox 926 3085 959 3114; x_wconf 84' lang='lat' dir='ltr'>re-</span> 
     </span>
     <span class='ocr_line' id='line_1_41' title="bbox 66 3135 961 3202; baseline 0.009 -21"><span class='ocrx_word' id='word_1_370' title='bbox 66 3135 143 3193; x_wconf 70' lang='lat' dir='ltr'>giones</span> <span class='ocrx_word' id='word_1_371' title='bbox 164 3141 226 3198; x_wconf 81' lang='lat' dir='ltr'>regni</span> <span class='ocrx_word' id='word_1_372' title='bbox 248 3140 322 3188; x_wconf 85' lang='lat' dir='ltr'>decem</span> <span class='ocrx_word' id='word_1_373' title='bbox 337 3139 441 3183; x_wconf 85' lang='lat' dir='ltr'>tribuum</span> <span class='ocrx_word' id='word_1_374' title='bbox 457 3140 530 3185; x_wconf 76' lang='lat' dir='ltr'>missi.</span> <span class='ocrx_word' id='word_1_375' title='bbox 545 3141 713 3199; x_wconf 82' lang='lat' dir='ltr'>oumreiiqniis</span> <span class='ocrx_word' id='word_1_376' title='bbox 735 3141 885 3195; x_wconf 75' lang='lat' dir='ltr'>israelitarum,</span> <span class='ocrx_word' id='word_1_377' title='bbox 908 3158 961 3202; x_wconf 85' lang='lat' dir='ltr'>qnae</span> 
     </span>
     <span class='ocr_line' id='line_1_42' title="bbox 295 3215 913 3254; baseline 0.013 -31"><span class='ocrx_word' id='word_1_378' title='bbox 295 3218 298 3223; x_wconf 90' lang='lat'>.</span> <span class='ocrx_word' id='word_1_379' title='bbox 890 3215 913 3254; x_wconf 46' lang='lat'>9*</span> 
     </span>
    </p>
   </div>
   <div class='ocr_carea' id='block_1_8' title="bbox 0 0 1084 3361">
    <p class='ocr_par' dir='ltr' id='par_1_9' title="bbox 0 0 1084 3361">
     <span class='ocr_line' id='line_1_43' title="bbox 0 0 1084 3361; baseline 0 0"><span class='ocrx_word' id='word_1_380' title='bbox 0 0 1084 3361; x_wconf 95' lang='lat' dir='ltr'> </span> 
     </span>
    </p>
   </div>
  </div>
 </body>
</html>
