2147 3361
472 32 576 68 Sabbatum
925 33 969 76 211

77 156 190 208 antiquiore
202 158 294 209 tempore
306 157 391 197 sabbata
400 171 479 209 quoque
490 159 532 198 dies
543 160 604 199 lunae
616 172 682 199 sacros
693 157 761 198 fuisse.
778 157 912 198 Potissimum
924 158 970 196 seb-

77 221 146 259 batum
157 217 244 257 cumdio
255 231 319 258 novae
331 218 390 258 lunae
402 220 494 270 componi
502 222 576 271 posset,
588 221 605 260 si
614 221 657 260 dies
666 219 736 272 plenae
747 220 808 259 lunae
818 218 896 258 fuisset.
913 217 937 257 ld
946 221 971 257 ut

76 280 177 333 probetur,
194 279 263 318 afferri
279 281 354 331 potest,
366 280 419 330 quod
435 281 489 332 apud
500 281 622 332 Babylonios
634 281 817 332 quintusdecimus
839 280 882 320 dies
893 279 971 320 mensis

76 339 153 381 1616116
164 339 315 380 nominabatur.
336 342 364 380 At
375 339 430 380 nullo
440 342 484 381 loco
495 342 569 382 1616116
580 343 703 389 testamenti,
715 341 750 381 ubi
762 341 841 381 sabbati
852 342 928 381 mentio
940 341 971 390 fit,
993 358 1002 365 ’

77 400 203 454 significatur
214 401 233 440 ei
244 414 292 441 cum
307 402 356 441 luna
369 402 428 453 plena
439 402 552 453 quidquam
569 416 674 443 commune
690 402 751 442 fuisse
762 405 782 442 et
798 403 832 442 Jes
845 410 878 452 66,
891 409 924 445 23.
942 404 970 443 Ez

78 470 111 510 16,
125 469 143 505 3.
159 462 229 501 110111
242 468 260 510 2,
275 469 286 504 3
299 463 384 502 sabbata
395 465 415 502 et
426 463 468 502 dies
479 464 614 504 6616616666
626 464 782 516 coniunguntur,
794 477 918 515 quamquam
929 465 969 504 161-

77 524 130 564 61116
141 522 184 562 fieri
194 523 268 574 potest,
280 525 305 563 ut
316 523 425 574 scriptores
437 524 544 564 sabbatum
555 525 609 564 diem
620 526 680 564 lunae
691 524 854 567 existimaverint.
872 525 970 577 06161661

77 585 141 637 igitur
152 584 183 622 illi
193 583 302 624 sabbatum
319 585 450 635 antiquorum
461 585 599 625 Hebraeorum
616 585 668 624 diem
683 586 754 637 plenae
770 586 830 625 lunae
846 586 911 626 fnisse
927 598 970 626 non

76 645 134 686 modo
150 644 208 684 nulla
224 645 274 685 fides
290 646 377 694 additur,
394 646 429 685 sed
445 649 551 697 praecepta
562 647 647 695 sabbati,
664 659 715 697 quae
729 647 809 685 suntin
821 648 914 700 decalogo
932 647 970 701 (Hx

78 714 112 754 20,
121 711 201 747 8-11.
211 706 266 753 1115,
277 705 382 761 12-15),
393 707 414 746 16
425 707 477 746 libro
488 707 573 746 foederis
586 704 623 763 (111
632 713 664 755 23,
675 704 716 762 12),
727 707 749 745 11
759 706 802 759 lege
813 707 899 748 foederis
909 722 969 748 reno-

77 766 118 807 1611
131 765 168 821 (Ex
180 772 214 814 34,
228 763 272 822 21),
288 780 372 819 6161666
382 771 502 820 repugnant.
530 768 552 807 Si
567 770 636 808 661611
647 768 692 818 quis
709 768 826 819 decalogum
842 770 969 820 temporibus

76 827 167 868 Ezechiel
183 828 317 878 sequentibus
333 828 427 868 attribuit
444 830 560 880 ceterasque
572 829 652 868 sabbati
662 830 716 880 leges
727 831 774 879 post
784 829 878 868 exsilium
889 830 970 869 additas

27 926 31 933 ,
77 902 119 929 6666
138 888 192 937 dicit,
210 889 255 928 6166
276 889 318 929 ulla
338 890 416 929 ratione
436 890 460 929 ad
481 889 589 929 arbitrium
610 886 692 929 iudicat.
723 891 829 929 Praeterea
849 890 969 930 institutum

77 950 155 990 sabbati
170 952 218 1000 post
233 950 305 990 Mosen
321 963 403 1001 prorsus
419 951 551 990 immutatum
572 962 616 990 esse
637 953 744 1001 propterea
765 951 818 990 credi
837 964 878 990 non
894 954 969 1003 potest,

77 1011 130 1062 66611
146 1023 187 1050 666
202 1010 335 1062 intellegitur,
352 1024 388 1050 cur
404 1011 424 1050 id
439 1012 516 1051 factum
532 1013 568 1050 aut
584 1024 624 1062 quo
640 1011 699 1050 modo
710 1013 812 1062 peractum
824 1011 856 1051 sit.
875 1013 970 1063 ‘Denique

76 1071 227 1123 respiciendum
248 1075 280 1111 est
300 1072 355 1123 apud
370 1072 461 1111 Ezechiel
482 1073 506 1111 de
528 1073 596 1122 quiete
617 1072 701 1111 sabbato
717 1072 839 1112 observanda
855 1073 907 1112 nihil
923 1073 970 1121 dici,

78 1133 112 1173 sed
128 1145 171 1171 eam
187 1132 211 1171 acl
228 1133 336 1172 sabbatum
353 1133 453 1184 pertinere
469 1133 523 1184 poni.
545 1132 636 1180 Ezechiel
652 1133 733 1172 deinum
748 1133 769 1173 id
785 1134 898 1183 sabbatum,
915 1135 970 1185 quod

77 1206 113 1234 nos
129 1193 228 1240 novimus,
245 1193 362 1233 instituisse
378 1194 512 1234 demonstrari
529 1207 569 1233 uon
585 1195 659 1244 potest.
680 1193 703 1232 Id
719 1207 783 1233 unum
799 1207 870 1235 161661
882 1196 912 1234 661
922 1209 970 1234 6611

78 1255 161 1294 sabbato
181 1255 242 1305 longe
263 1254 325 1294 alieni
346 1254 466 1306 dignitatem
487 1255 599 1294 attribuere
615 1256 676 1305 atque
692 1255 805 1306 prophetae,
822 1256 919 1306 quiante
936 1269 970 1295 en-

77 1315 148 1355 silium
164 1315 254 1354 fuerunt.
287 1316 325 1362 Qui
341 1328 387 1354 eum
403 1316 482 1366 saepius
498 1316 527 1354 ita
547 1316 665 1366 loquantur,
681 1318 705 1354 ut
725 1316 791 1367 gentis
813 1317 971 1356 celebrationem

77 1376 154 1415 sabbati
176 1378 313 1425 contemnant,
330 1376 421 1416 Ezechiel
443 1383 475 1426 211,
495 1383 520 1418 12
543 1376 651 1416 sabbatum
672 1376 753 1428 signum
773 1377 827 1416 inter
847 1377 926 1418 Jahven
950 1382 971 1417 61

79 1437 121 1476 6166
138 1439 220 1489 gentem
236 1449 281 1476 esse
297 1437 398 1489 agnoscit:
415 1437 452 1486 „Et
469 1438 554 1477 sabbata
569 1450 614 1476 mea
630 1437 676 1476 dedi
692 1437 722 1486 iis,
734 1440 758 1476 ut
769 1438 811 1477 sint
822 1438 904 1490 signum
916 1439 971 1478 inter

71 1498 216 1540 ,1666116161-
232 1510 272 1546 eos,
289 1500 314 1537 ut
330 1498 409 1546 scireut,
426 1498 479 1548 qnod
499 1511 536 1550 ego
552 1498 623 1544 dahve,
641 1498 675 1548 qui
691 1498 791 1538 sanctifico
808 1503 859 1539 eost.
891 1500 917 1538 Et
935 1505 969 1547 22,

81 1566 118 1600 16.
139 1559 295 1599 celebrationem
317 1559 395 1599 sabbati
411 1559 537 1610 gravissimis
553 1559 577 1597 de
597 1559 688 1598 moribus
707 1561 819 1611 praeceptis
841 1561 970 1613 aequiperat:

79 1620 172 1668 „Patrem
188 1623 208 1659 et
224 1622 312 1660 matrem
323 1620 474 1671 vilipenderent
489 1620 510 1658 in
526 1622 547 1659 16
564 1616 733 1675 (Hierosolymis),
750 1633 795 1660 cum
806 1622 912 1673 peregrino
924 1635 970 1674 ege-

79 1682 128 1719 runt
144 1693 179 1731 per
195 1681 349 1732 oppressionem
365 1681 387 1720 16
402 1681 467 1720 medio
483 1680 520 1729 tui,
537 1680 640 1732 pupillum
657 1683 677 1720 61
692 1682 773 1721 uiduam
785 1681 900 1722 afflixerunt
911 1683 933 1722 in
944 1685 971 1722 te.

80 1742 139 1780 Sacra
154 1754 200 1780 mea
216 1742 311 1793 sprevisti
328 1743 348 1781 61
365 1742 447 1781 sabbata
462 1754 506 1780 mea
521 1741 652 1792 profanasti“.
682 1743 708 1781 Et
725 1748 758 1791 23,
776 1749 802 1785 38
825 1743 904 1783 sabbati
923 1755 971 1794 pro-

79 1802 201 1841 fanationem
218 1803 273 1841 inter
288 1804 375 1842 maxima
391 1803 464 1841 seelera
480 1802 546 1854 gentis
562 1804 676 1841 enumerat:
693 1803 897 1852 „coniaminavenmc
914 1817 971 1844 sanc-

79 1863 170 1902 tuarium
186 1876 255 1902 meum
272 1863 743 1914 111611166166111616111666161666161·661“.
774 1865 834 1915 Apud
855 1866 971 1916 prophetas,

80 1924 115 1974 qui
132 1926 178 1963 ante
194 1924 291 1964 exsilium
306 1925 396 1973 fuerunt,
413 1937 445 1963 eas
461 1924 597 1974 querimonias
613 1937 653 1963 non
664 1925 779 1975 reperimus.
800 1926 852 1965 Nam
864 1938 910 1966 cuni
921 1939 972 1978 gens

79 1985 208 2024 vehementer
224 1985 323 2025 inclinata
339 1988 397 2029 esset,
414 1987 438 2024 nt
454 1985 496 2023 solo
510 1985 568 2023 cultu
579 1987 660 2025 externo
672 1985 795 2025 observando
806 1989 900 2027 contenta
911 1990 971 2035 esset,

80 2058 147 2085 eorum
165 2050 208 2085 erat
225 2059 270 2086 eam
287 2059 365 2097 semper
381 2045 487 2085 admonere
502 2045 564 2084 talem
576 2046 659 2094 6611611,
671 2047 709 2085 6161
722 2048 834 2098 praeceptis
845 2048 869 2087 de
880 2048 972 2088 moribus

80 2106 234 2158 obtemperaret,
251 2108 329 2147 Jahvae
346 2107 422 2146 nullius
438 2119 480 2145 esse
496 2104 562 2156 pretii.
584 2107 622 2146 Sed
638 2120 693 2158 gens,
705 2120 750 2147 oum
761 2108 905 2160 Hierosolymis
920 2112 972 2148 tern-

79 2167 153 2218 ploque
169 2168 243 2207 dirutis
259 2181 296 2219 per
313 2180 381 2207 omnes
397 2168 460 2206 terras
477 2167 567 2217 dispersa
583 2169 643 2216 esset,
659 2181 699 2207 uno
716 2168 800 2209 sabbato
817 2170 942 2209 extrinsecus
959 2183 970 2208 6

80 2228 191 2278 gentilibus
199 2230 337 2280 separabatur.
354 2229 405 2267 Tum
413 2228 501 2279 prolecto
511 2228 592 2279 signnm
602 2231 645 2267 erat
653 2229 706 2268 16161·
711 2229 788 2269 1611166
802 2232 822 2269 et
831 2230 874 2269 eius
883 2235 972 2282 gentem,

80 2288 108 2326 116
122 2292 147 2328 61
160 2291 285 2341 quicumque
302 2290 407 2328 sabbatum
425 2289 567 2337 sanctificabat,
585 2302 606 2329 se
622 2289 690 2341 gentis
706 2290 781 2330 Jahvae
797 2303 840 2330 esse
856 2293 972 2331 testaretur.

141 2357 234 2397 Ceterum
245 2357 338 2409 opinioni
348 2356 439 2395 Ezechiel
451 2356 533 2394 demum
543 2359 652 2407 praecepto
664 2357 743 2397 sabbati
750 2358 868 2398 observandi
875 2359 972 2398 maiorem

81 2417 196 2457 attribuisse
217 2418 341 2470 gravitatem
361 2418 416 2456 locus
432 2416 467 2455 der
485 2422 518 2465 11,
538 2423 624 2460 rer—27
642 2418 724 2469 quidem
745 2420 856 2459 contrarius
878 2421 914 2459 est.
935 2419 972 2458 nbi

80 2479 178 2529 propheta
191 2479 289 2518 Hebraeis
305 2480 400 2525 minatur,
416 2477 458 2516 fore
474 2480 498 2516 61
514 2478 652 2527 profanatione
668 2479 745 2518 salabati
762 2480 846 2519 exitium
856 2481 973 2531 Hierosoly-

80 2551 157 2579 morum
180 2540 276 2586 efficiant,
294 2552 340 2578 cum
361 2539 404 2577 eius
425 2538 584 2578 sanctificatione
606 2544 760 2590 cousequantur,
780 2543 803 2579 ut
824 2541 895 2580 doinus
916 2542 973 2592 regin

82 2599 143 2639 David
160 2601 307 2652 Hierosolymis
324 2600 436 2639 celebretur
453 2611 475 2638 ac
491 2599 596 2650 splendeat
612 2603 632 2639 et
648 2602 696 2641 urbs
712 2613 791 2652 semper
807 2601 916 2642 habitetur.
945 2604 973 2640 At

81 2659 171 2711 Ι1616111111,
189 2675 235 2702 6611
257 2661 303 2701 61116
323 2660 373 2700 locis
393 2660 488 2699 acerrime
511 2660 620 2711 vituperet,
637 2662 691 2712 quod
712 2666 792 2701 externo
808 2664 889 2701 tantum
906 2663 973 2701 cultui

81 2720 155 2762 1611166
175 2723 238 2762 nimis
259 2722 378 2767 confidatur,
395 2721 443 2760 haec
464 2721 556 2771 scripisse
576 2735 618 2761 non
639 2722 718 2762 videtur
734 2726 754 2762 et
773 2724 890 2762 attribuunt
906 2723 973 2762 critici

81 2784 197 2823 recentioris
218 2784 294 2824 aetatis
313 2780 378 2838 (velut
396 2783 417 2821 A.
435 2782 536 2833 Geiger,
558 2783 659 2823 Urschrilt
678 2785 720 2823 und
741 2784 914 2835 Uebersetzungen
937 2785 973 2823 der

82 2841 138 2883 Bibel
155 2851 193 2893 953
210 2846 234 2885 Α.
251 2845 365 2891 1166661,
381 2843 603 2883 Η1616116611-1111166116
619 2845 736 2896 Einleitung
754 2845 776 2884 in
792 2845 823 2883 die
839 2845 919 2884 Becher
937 2846 972 2884 [les

82 2902 134 2944 alten
145 2907 277 2947 Testamenta.
293 2904 393 2944 Deutsche
405 2904 497 2955 nusgabe
508 2918 548 2944 166
562 2905 596 2947 'ru
613 2906 678 2945 Weber
690 2912 767 2948 11311.
780 2903 817 2961 22)
829 2906 887 2945 1111111
903 2907 972 2945 166661

81 2966 172 3016 16616611,
194 2967 249 3018 quod
276 2965 369 3005 exsilium
390 2965 524 3016 Babylonium
545 2968 638 3005 secutum
659 2969 689 3005 est
706 2964 736 3021 [et
753 2966 797 3005 Neh
816 2972 847 3015 13,
867 2964 973 3019 15-22).

82 3023 153 3066 Videas
171 3028 190 3071 J,
201 3029 281 3074 Hehn,
300 3028 338 3066 Der
354 3025 650 3069 161661111661168611116111286.
667 3028 730 3067 Aliter
746 3027 974 3076 111116116111111661,

82 3085 155 3128 Comm.
171 3089 193 3129 in
209 3088 320 3128 Jeremiem
338 3093 387 3129 239·

130 3162 269 3201 Kortleitner,
284 3160 401 3198 hrchaeologia
415 3160 475 3192 biblica
901 3160 924 3194 re
