2218 3388
416 88 462 126 Pars
475 89 489 126 i.
510 88 641 135 Antiquitates
654 101 717 127 sacrae

428 303 429 306 Ἴ
470 250 567 296 Sectio
583 255 668 297 sexta

152 388 204 440 De
223 386 427 448 reditibus
446 386 671 454 privilegiis,
695 387 854 441 sedibus
878 388 990 447 mini-

370 475 543 525 strorum
565 485 767 534 sacrorum

123 618 125 677 J
183 625 213 670 Ut
223 625 304 669 Paulus
315 625 424 683 apostolus
440 626 451 669 I
463 626 503 670 Cor
514 630 533 679 9,
546 631 573 675 13
585 627 641 681 dicit,
658 626 696 685 qrii
705 642 744 683 pro
757 627 803 671 aliis
814 627 838 670 iu
849 627 911 671 altari
924 627 1016 680 faciunt,

123 701 171 743 iure
183 699 300 756 meritoque
311 700 375 743 etiam
386 699 411 742 de
422 699 485 743 altari
495 698 582 744 vivuat:
599 702 643 747 coa
660 702 731 753 οἴδατε,
748 702 779 748 ὅτι
794 700 813 746 oi
827 706 853 747 τα
869 701 913 760 ἱερὰ
929 702 1014 761 ἐργαζό-

124 791 180 834 μενοι
197 773 221 817 ἐκ
236 782 272 818 τοῦ
288 773 342 832 ἱεροῦ
359 773 475 826 &aaronem
492 772 510 820 οἱ
520 784 548 833 τῷ
558 778 698 834 θυσιαστηρίῳ
713 778 880 835 προσεδρεὺοντες
897 785 924 835 τῷ
940 779 1016 820 θυσια-

122 851 198 906 στηρίῳ
215 851 379 905 αυμμερίζανται;

184 955 205 1000 I.
221 953 342 998 Secundum
363 953 433 1011 legem
452 954 483 999 Lv
500 956 534 1007 27,
551 959 641 1004 30-233
661 955 774 1000 Levitae
795 955 907 999 decumam
927 956 1017 1013 frugum

125 1031 194 1072 terrae
204 1027 355 1085 fructuumque
367 1028 467 1071 arborum
478 1030 499 1071 et
510 1027 620 1072 decumam
632 1028 758 1073 animalium
769 1028 917 1073 sacrificalium
935 1029 1015 1089 (lacum,

123 1101 202 1153 ovium,
219 1100 338 1161 caprarum)
355 1100 494 1157 accipiebant,
511 1116 536 1144 ex
548 1117 590 1159 qua
605 1101 722 1146 secuudum
737 1102 806 1159 legem
822 1101 867 1145 Nm
878 1106 913 1155 18,
925 1104 1015 1149 25-32

124 1174 171 1232 (ubi
181 1175 253 1217 autem
264 1174 364 1217 decumae
375 1174 502 1217 animalium
517 1175 577 1217 nulla
593 1175 674 1219 mentio
690 1174 723 1232 fit)
739 1190 811 1219 rursus
823 1175 935 1218 decumam
945 1189 1015 1218 sacer-

124 1247 210 1291 dotibus
227 1247 389 1291 distribuebant.
417 1246 538 1290 Secundum
553 1247 611 1305 leges
627 1249 657 1292 Dt
673 1253 759 1304 1918,
776 1253 811 1301 14,
822 1253 857 1296 27.
869 1253 909 1299 29;
927 1252 962 1300 lc,
974 1251 1015 1297 113

124 1325 159 1372 29,
177 1323 204 1368 11
226 1319 253 1363 ad
273 1320 345 1377 epulas
367 1319 504 1382 decumarum
523 1319 617 1378 aliasque
637 1321 708 1377 epula
730 1336 799 1365 sacras
819 1320 928 1364 invitandi
949 1322 1017 1367 eraut,

124 1393 238 1437 Praeterea
253 1408 279 1436 ex
294 1393 342 1451 lege
358 1392 402 1436 Nm
418 1398 454 1446 31,
471 1398 499 1441 30
515 1393 605 1449 praedae
620 1394 734 1450 participes
749 1394 835 1438 fiebant.

154 1514 155 1517 =
185 1494 257 1541 Quaeri
273 1495 305 1534 iiic
320 1495 394 1547 potest,
411 1508 462 1545 quae
479 1495 579 1534 sententia
595 1495 661 1536 verbis
677 1497 763 1546 apostoli
779 1496 835 1536 Hebr
853 1504 872 1542 1,
891 1500 902 1536 5
924 1493 1015 1534 subiecta

124 1555 161 1597 sit:
178 1550 203 1598 Oi
219 1551 296 1598 ἐκτῶν
313 1552 359 1598 υἱῶν
375 1552 427 1597 iterii
442 1558 479 1613 τὴν
494 1551 592 1611 ἱερατείαν
608 1556 747 1613 λαμβάνααες
763 1554 848 1612 ἐντολὴν
864 1554 948 1612 ἔχουσιν
965 1553 1015 1596 απο-

123 1616 220 1658 δεαατοῦν
236 1618 270 1659 τὸν
286 1618 336 1659 λαὸν
352 1618 405 1659 κατὰ
421 1619 455 1660 τὸν
471 1620 538 1674 νόμον,
559 1629 583 1656 ex
603 1617 678 1667 quibus
700 1631 794 1669 apparere
814 1617 896 1656 videtur
917 1616 1014 1655 decumas

123 1690 164 1717 nou
179 1677 261 1725 Levitis,
278 1678 313 1717 sed
329 1677 466 1717 sacerdotibus
482 1678 538 1717 datas
555 1690 604 1717 esse.
631 1679 659 1717 Ac
671 1677 710 1717 dici
721 1679 803 1730 qiiidem
817 1679 884 1729 potest
899 1677 941 1717 loco
954 1676 1015 1715 allato

123 1739 197 1778 adeas
214 1737 307 1778 decumas
321 1738 399 1789 respici,
420 1751 469 1789 quas
485 1739 565 1778 Levitae
586 1738 724 1778 sacerdotibus
740 1740 820 1786 dabant,
843 1739 873 1777 ita
888 1740 913 1777 ut
928 1737 1016 1789 populus

123 1812 160 1850 per
175 1798 255 1839 Levites
271 1798 406 1839 sacerdotibus
422 1800 516 1839 decumas
532 1799 622 1849 solveret,
642 1800 667 1839 ut
682 1799 732 1839 deus
748 1800 790 1852 ipse
806 1799 907 1850 primitias
924 1798 1015 1848 accipere

122 1859 199 1900 dicitur
219 1856 257 1916 (Ex
274 1866 308 1909 23,
327 1867 365 1908 193
383 1866 417 1909 34,
435 1857 478 1916 26),
500 1873 550 1910 quae
570 1860 708 1901 sacerdotibus
729 1860 829 1900 dabantur
851 1856 901 1915 (Nm
918 1866 953 1907 19,
972 1858 1016 1910 11).

124 1921 162 1961 Sed
182 1921 306 1973 probabilius
322 1921 405 1961 videtur
425 1922 458 1960 hic
474 1921 498 1960 de
514 1920 589 1961 Levitis
608 1921 659 1972 ipsis
680 1921 719 1973 agi,
740 1921 809 1961 itaut
829 1920 931 1960 sententia
946 1920 1015 1959 verbis

123 1981 210 2033 apostoli
226 1982 314 2021 subiecta
329 1983 378 2021 hacc
394 1982 430 2021 sit:
447 1982 483 2030 illi,
501 1982 536 2033 qui
547 1994 570 2020 ex
580 1981 627 2021 filiis
638 1981 687 2021 Levi
699 1984 753 2030 suut,
768 1984 781 2023 i.
793 1995 809 2023 e.
820 1981 908 2029 Levitae,
927 1993 1015 2031 quorum

123 2043 188 2082 tribui
205 2041 250 2082 iura
266 2042 371 2083 sacerdotii
390 2055 482 2083 concessa
498 2044 551 2090 suut,
573 2042 605 2081 ius
622 2042 697 2082 habeut
712 2043 848 2082 decumarum.
880 2042 933 2081 Nam
949 2054 968 2081 v.
989 2048 1016 2083 14

123 2104 228 2155 apostolus
249 2107 392 2144 commemorat
412 2103 476 2143 tribui
491 2102 539 2142 Levi
560 2103 694 2143 sacerdotium
709 2117 721 2142 a
736 2105 789 2144 blose
810 2103 913 2143 tributum
935 2114 978 2141 esse
995 2103 1016 2141 et

122 2179 142 2205 v.
159 2172 171 2206 9
189 2163 260 2203 scribit
275 2165 323 2204 Levi
340 2165 432 2204 decumas
449 2164 541 2215 accipere.
572 2164 643 2215 Neque
659 2177 683 2203 cx
698 2164 729 2214 iis,
746 2178 796 2216 quae
813 2177 874 2215 supra
890 2164 944 2203 dicta
960 2165 1016 2212 sunt,

124 2225 210 2265 dubium
230 2237 271 2265 esse
290 2227 363 2277 potest,
385 2225 435 2277 quin
455 2225 476 2272 ii,
498 2224 572 2276 quibus
593 2225 642 2264 deus
664 2225 757 2265 decumas
777 2240 789 2265 a
809 2225 885 2276 populo
907 2224 1015 2264 solvendas

124 2286 226 2333 attribuit,
241 2286 327 2334 Levitae,
348 2299 390 2325 nou
410 2286 523 2326 sacerdotes
544 2285 626 2334 fuerint,
648 2285 726 2325 etiamsi
747 2286 820 2326 Judaei
840 2286 926 2325 tradunt
949 2286 1017 2324 stante

123 2348 200 2398 templo
221 2347 308 2388 secundo
328 2347 387 2387 iussu
403 2347 463 2386 Escae
479 2347 572 2385 decumas
593 2359 634 2386 non
649 2346 730 2395 Levitis,
752 2348 785 2388 sed
802 2346 950 2398 sacerdotibus⁸
960 2346 1017 2385 datas

124 2421 166 2448 esse
183 2405 261 2463 (Babyl.
277 2407 396 2448 Kethubcth
413 2404 471 2462 261).
503 2407 611 2458 Apostolus
627 2407 680 2447 enim
696 2408 738 2447 loco
755 2409 815 2449 allato
831 2420 873 2446 non
889 2407 913 2446 de
930 2419 1015 2446 consue-

123 2469 196 2509 tudine
212 2468 284 2519 aliqua,
301 2469 335 2508 scd
351 2468 375 2507 de
391 2468 486 2508 nrandato
497 2468 566 2508 divino
583 2468 630 2520 agit,
648 2480 671 2507 cx
687 2481 727 2520 spuo
737 2470 819 2510 Levitae
834 2469 867 2507 ius
884 2469 1016 2507 rlecumarum

125 2532 251 2581 acceperunt.

185 2622 278 2675 Reditus,
295 2637 348 2680 quos
365 2622 524 2665 sacerdotes
541 2621 567 2664 ad
582 2621 663 2666 victum
678 2622 793 2675 habebant,
815 2623 877 2664 eraut
893 2620 927 2663 hi:
945 2620 966 2678 1)
984 2619 1017 2662 Ex

124 2697 213 2739 victimis
229 2695 373 2752 accipiebant:
390 2696 410 2752 a)
427 2693 530 2737 sacrificia
545 2709 583 2750 pro
599 2697 685 2751 peceato
698 2697 745 2738 tota
756 2695 783 2738 ad
794 2709 829 2738 eos
839 2693 944 2746 redibant,
961 2695 1017 2736 certe

124 2769 255 2825 plerumque,
277 2782 325 2812 cum
345 2769 431 2811 tantum
453 2767 478 2810 de
498 2767 608 2810 nonniillis
628 2768 741 2825 generibus
763 2769 899 2825 praeceptum
920 2768 972 2818 erat,
992 2770 1018 2809 ut

125 2856 174 2885 caro
190 2844 251 2885 extra
267 2845 336 2885 castra
353 2843 481 2884 cremaretur
502 2839 540 2899 (ΙΝ
556 2844 576 2893 5,
594 2845 632 2893 133
649 2846 669 2893 6,
687 2845 721 2888 19.
737 2846 766 2888 92
778 2857 793 2887 s.
815 2839 859 2882 Nm
876 2843 910 2891 18,
928 2843 968 2886 9s.
988 2839 1017 2881 Ea

124 2919 160 2965 44,
178 2918 212 2962 29.
235 2913 280 2960 Jos.
296 2914 333 2958 Aa
351 2918 371 2966 3,
388 2918 408 2959 9.
425 2913 457 2973 3);
484 2913 506 2969 b)
522 2913 624 2957 sacrificia
644 2929 683 2971 pro
705 2913 782 2957 delicto
803 2914 824 2955 et
844 2912 889 2969 ipsa
909 2914 956 2955 tota
976 2912 1017 2972 (Lv

125 2993 145 3041 7,
161 2993 201 3036 (is.
218 2986 262 3029 Nm
279 2991 313 3039 19,
330 2992 369 3034 9s.
386 2985 415 3028 La
431 2989 467 3037 44,
479 2989 515 3032 29.
530 2984 574 3030 Jos.
591 2986 629 3030 Α]
646 2991 665 3040 3,
677 2992 697 3034 9.
708 2987 741 3046 3)';
758 2987 776 3047 c)
794 2985 819 3029 de
835 2985 942 3029 sacrificiis
958 2986 1016 3044 paci-

124 3061 170 3104 ficis
186 3062 259 3117 pectus
274 3066 296 3103 et
312 3058 381 3103 clunis
398 3058 471 3101 dexter
487 3057 583 3102 victimae
599 3060 639 3119 (liv
655 3065 675 3112 7,
687 3064 788 3110 ,so—343
805 3063 840 3111 10,
852 3063 881 3106 14
892 3074 907 3102 s.
925 3059 971 3106 Jos.
982 3059 1016 3102 AJ

125 3139 145 3187 3,
162 3138 181 3181 9.
199 3133 231 3193 2),
248 3132 269 3193 d)
286 3133 311 3176 de
326 3132 457 3175 holocaustis
472 3130 534 3188 pellis
549 3132 648 3176 victimae
665 3133 704 3193 (Lv
721 3138 740 3185 7,
757 3137 777 3180 8.
793 3132 838 3177 los.
855 3132 892 3176 A]
911 3137 931 3186 3,
948 3132 1017 3192 9.1);
