2218 3388
106 98 139 141 ¹28
486 92 623 139 Prolegomena
642 89 644 98 ’

108 222 181 260 ,monte
196 219 283 259 Bisutun
301 219 416 273 (Behistun,
433 216 534 276 Behistan)
555 219 578 259 in
594 221 678 272 regione
693 221 802 261 Kurdistan
817 234 829 260 a
844 220 906 260 Dario
921 220 937 269 1,
954 233 999 273 rege

111 281 218 321 Persarum
229 276 358 336 (521-—485
376 294 393 322 a.
409 277 457 337 eh),
473 280 497 320 ad
512 293 557 321 suas
573 281 671 322 victorias
688 281 812 322 celebrandas
828 281 898 333 posita
914 282 949 321 est.
975 280 999 321 In

108 343 175 382 latere
190 341 246 392 rupis
261 341 353 381 cernitur
368 342 441 394 ingens
458 338 566 393 sculptura,
584 355 638 393 quae
649 343 732 384 Darium
742 356 808 396 regem
820 343 902 382 bostem
912 344 999 393 prostra-

110 405 157 444 tum
175 402 259 455 pedibus
277 403 391 442 calcantem
407 405 427 443 61
447 415 549 443 commeo
565 415 641 444 novem
658 404 707 444 alios
723 416 779 457 reges
794 403 891 443 manibus
907 404 928 442 et
944 402 998 443 collis

109 464 210 504 devinctis
230 464 375 514 repraesentat.
405 463 460 503 Infra
475 464 600 515 sculpturam
617 465 638 504 et
654 465 706 504 circa
726 466 798 518 legitur
816 465 879 516 longa
894 463 998 515 inscriptio

112 524 240 565 cuneiformis
254 524 275 564 in
291 524 398 564 columnas
409 524 478 567 divisa.
505 525 571 565 Prima
587 525 684 566 columna
700 526 788 566 continet
803 526 885 565 textum
896 524 999 564 Persicum

112 586 153 626 sive
175 585 358 636 Palaepolitanam,
383 585 470 626 secunda
491 586 604 626 versionem
628 586 672 626 eius
693 587 715 626 in
737 588 775 627 1111
795 586 898 636 scriptura
920 585 998 636 aliaque

64 680 65 683 ,
110 647 182 698 lingua
198 642 266 701 (quam
281 646 306 687 Ε,
322 646 399 686 Ν61116
414 646 531 698 Scythicam,
548 648 568 686 J.
587 645 664 698 Oppert
679 648 779 695 Medicam,
794 647 859 689 111.
877 646 938 698 copae
953 646 998 686 Ella-

108 707 203 747 miticam
219 703 289 762 vocat),
306 707 371 747 tertia
384 707 494 748 versionem
505 706 609 759 Assyriam
626 708 647 748 in
663 720 686 747 ea
702 709 837 760 scriptura-ac
853 704 932 758 lingua,
949 720 999 757 quae

111 769 134 808 in
144 767 238 820 plurimis
249 768 388 808 monumentis
399 769 492 819 Assyriae
503 770 522 807 et
532 768 659 820 Babyloniae
670 768 776 817 invenitur,
792 771 817 808 11
833 767 906 809 6616116
922 768 999 808 duabus

108 828 219 881 scripturis
239 829 303 869 multo
324 829 408 874 maioris
429 830 524 869 momenti
543 828 576 871 sit.
609 830 678 881 Atque
700 830 780 870 initium
801 829 968 882 investigationis
988 842 999 868 a

111 890 228 930 nominibus
249 888 337 941 propriis
362 890 552 931 Achaemenidarurn
574 890 621 929 fieri
643 891 740 941 oportuit,
762 891 836 943 quippe
859 902 912 941 quae
934 890 1000 929 omnia

112 951 164 991 bene
185 953 232 990 nota
252 953 318 990 essent
340 952 476 1002 atqueinter
496 951 552 1003 signa
572 951 706 991 cuneiformia
726 952 782 992 facile
801 951 897 1004 cognosci
912 952 998 1002 possent.

108 1008 477 1068 ¹&ItGrotcfccd(1775-1853)
498 1025 548 1052 anno
568 1017 626 1055 1802
649 1012 764 1064 ingenuosis
780 1014 799 1052 61
818 1011 930 1052 subtilibus
947 1024 999 1052 ccm-

112 1072 250 1124 parationibus
269 1073 293 1111 11
313 1073 414 1112 nonnulla
430 1072 525 1112 voeabula
543 1069 671 1128 [Hystaspes
688 1073 766 1122 Darius,
782 1074 861 1121 Xerxes,
879 1085 919 1124 rex,
929 1069 998 1128 111116)

111 1134 198 1186 legenda
212 1133 302 1184 pervenit
312 1135 376 1184 atque
387 1134 429 1174 vim
440 1134 564 1184 quorundam
580 1134 688 1186 signorum
699 1134 830 1174 determinare
846 1133 914 1185 coepit
929 1134 999 1173 simul-

109 1208 153 1246 sque
175 1193 261 1235 ostendit
286 1193 411 1245 scripturam
433 1195 499 1234 textus
523 1194 673 1246 Persepolitani
696 1207 738 1234 esse
760 1195 912 1247 alphabeticum.
944 1194 1000 1234 Ultra

112 1257 182 1295 tamen
196 1255 287 1307 progredi
303 1267 347 1294 non
363 1256 437 1306 potuit.
463 1256 529 1296 Multis
545 1256 604 1295 annis
621 1258 669 1307 post
684 1256 708 1296 E.
719 1256 814 1306 Barnous
828 1253 921 1311 (Parisiis
935 1251 999 1310 1836)

109 1317 162 1368 alias
178 1316 318 1367 inscriptiones
335 1316 716 1368 661611161166,’111116111616166111
732 1318 868 1364 occurrebant,
888 1316 948 1367 plura
963 1316 1000 1355 alia

113 1378 171 1429 signa
186 1377 331 1424 determinavit,
349 1377 425 1428 quibus
442 1377 570 1419 0111116611
587 1374 679 1433 (Bonnae
695 1375 759 1433 1836)
775 1389 845 1417 rursus
863 1377 902 1417 alia
917 1376 999 1425 addidit,

112 1442 137 1477 11
152 1438 175 1477 hi
190 1437 291 1489 integrum
306 1437 350 1477 1616
367 1438 497 1490 alphabetum
507 1439 685 1490 Persepolitanum
701 1438 826 1478 rest'tuerint
837 1440 900 1489 atque
915 1437 999 1489 inscrip-

108 1499 178 1540 tiones
199 1500 278 1538 vetusta
299 1499 372 1550 lingua
393 1499 473 1539 Persica
494 1512 593 1551 expressas
616 1500 684 1552 legere
704 1501 724 1538 61
743 1499 872 1549 interpretari
894 1498 999 1550 coeperint.

109 1559 170 1606 >Quod
186 1559 246 1599 etiam
261 1560 320 1611 paulo
337 1561 386 1611 post
397 1561 421 1600 E.
433 1560 601 1600 1116616111111111
618 1561 639 1599 et
651 1561 671 1600 J.
685 1559 756 1610 Opperc
771 1559 853 1599 Parisiis
870 1559 913 1599 sine
929 1561 999 1599 mutuo

109 1620 229 1660 ,1111116116
244 1620 397 1671 praestiterunt.

174 1681 240 1721 Prima-
259 1682 362 1733 scriptura
382 1681 486 1722 intellecta
501 1682 538 1721 viri
559 1681 638 1721 eruditi
656 1681 679 1720 in
695 1681 780 1721 secunda
794 1683 814 1720 et
833 1681 898 1721 tertia
917 1680 1000 1721 investi-

108 1741 184 1794 gandis
205 1742 339 1783 elaborarunt.
372 1742 414 1794 Ope
430 1743 532 1783 nominum
552 1743 689 1794 propriorum,
710 1754 760 1792 quae
779 1741 800 1781 in
820 1743 889 1794 prima
909 1741 1001 1781 columna

112 1803 240 1855 legebantur,
260 1804 284 1843 ad
301 1803 413 1844 secundam
433 1804 551 1855 scripturam
571 1804 682 1856 legendam
696 1804 814 1854 perventum
831 1804 869 1851 est,
891 1815 1000 1852 6116161-

110 1864 191 1904 sionem
202 1864 312 1915 Scythicam
328 1864 363 1904 vel
373 1865 471 1904 Medicam
488 1862 568 1920 (melius
585 1862 689 1916 Susidam)
704 1864 771 1903 textus
786 1863 863 1903 Persici
880 1863 1001 1906 continebat.

112 1925 138 1964 In
154 1926 353 1977 quampraecipue
371 1925 417 1965 laus
433 1925 516 1966 debetur
530 1925 580 1966 viris
598 1926 663 1965 doctis
680 1925 743 1966 111.
764 1925 903 1977 llcsterpaard
919 1920 1000 1981 (1845),

113 1986 138 2025 Ε.
154 1986 228 2025 Hiccbs
249 1982 338 2042 (1846),
362 1988 382 2028 J.
401 1986 475 2040 Oppert
498 1982 584 2043 (1850),
609 1987 634 2025 Ε.
650 1986 724 2025 Norria
744 1982 832 2041 (1853).
865 1985 920 2024 Haec
940 1986 1001 2024 altera

113 2047 214 2098 scriptura
229 2048 324 2100 syllabica
341 2049 379 2087 est.

175 2108 241 2147 Tertia
257 2109 358 2159 scriptura
374 2107 456 2148 maioris
472 2108 531 2159 pretii
544 2109 576 2147 est
586 2121 650 2158 quam
661 2107 713 2146 duae
722 2107 807 2158 priores3
823 2119 873 2146 nam
884 2118 925 2146 uon
936 2106 1000 2146 solum

112 2169 135 2207 in
150 2169 285 2209 monumentis
300 2168 461 2219 Persepolita-nis
478 2167 507 2226 (iu
522 2169 582 2209 tertia
599 2164 707 2224 columna),
728 2168 762 2208 sed
780 2167 841 2207 otiam
861 2168 884 2207 in
900 2166 1001 2207 11116116-

113 2228 216 2269 numentis
232 2231 252 2269 et
266 2229 374 2270 1116161116
391 2229 495 2269 coctilibus
511 2229 622 2271 invenitur.
649 2229 685 2268 1161
696 2229 750 2268 enim
760 2228 860 2279 scriptura
871 2227 1000 2268 euneiformis

113 2290 199 2341 Assyria
209 2291 229 2329 et
239 2290 357 2343 Babylonia,
372 2290 397 2329 11
408 2304 467 2342 quam
478 2290 636 2342 intellegendam
648 2290 787 2340 interpretatio
799 2289 914 2340 scripturae
926 2289 1001 2341 primae

110 2354 134 2390 et
151 2351 248 2391 secundae
264 2352 347 2403 quidem
364 2351 418 2390 viam
439 2352 521 2401 paravit,
542 2351 578 2390 661
599 2363 664 2390 nevae
681 2350 806 2390 difficultates
827 2351 861 2390 hic
883 2351 938 2389 ortae
955 2351 1002 2389 suut

114 2425 137 2450 ex
153 2411 283 2452 multitudine
299 2415 320 2452 et
342 2412 476 2465 ambiguitate
497 2413 607 2464 signorum,
630 2424 682 2462 quae
704 2411 747 2451 eius
767 2411 945 2463 investigationem
967 2410 1001 2450 diu

112 2473 249 2513 retardarunt.
274 2474 305 2513 Ad
316 2473 370 2512 hanc
387 2473 506 2523 scripturam
522 2472 630 2524 legendam
646 2473 726 2524 praeter
742 2473 911 2523 exspectationem
927 2471 1001 2511 tabulis

113 2534 245 2574 bibliothecae
260 2536 314 2587 regis
325 2533 475 2584 Assurbauipal
490 2534 582 2574 adiutum
599 2535 636 2581 est,
653 2533 706 2572 inter
722 2546 777 2584 quas,
793 2534 816 2572 11
832 2531 1000 2584 supradiximus,

110 2595 175 2634 etiam
197 2595 308 2646 syllabaria,
332 2595 468 2642 vocabularia,
491 2594 529 2634 alia
550 2606 613 2645 opera
636 2593 661 2633 ad
682 2606 742 2646 usum
764 2593 903 2644 Assyriorum,
927 2593 1001 2644 quibus

114 2656 215 2707 scriptura
225 2656 307 2708 Assyria
317 2655 361 2694 iam
372 2655 500 2695 difficultates
513 2656 602 2707 parabat,
620 2656 667 2706 apta
682 2654 763 2696 inventa
778 2658 840 2694 erant.
870 2654 919 2694 cam
936 2655 1001 2694 autern

113 2717 175 2756 multi
190 2716 229 2757 viri
244 2715 319 2757 eruditi
336 2716 362 2755 de
378 2716 411 2756 ria
431 2716 583 2768 inscriptionum
600 2715 756 2755 cuneiformium
770 2714 957 2766 intellegendarum
971 2715 1001 2754 in-

114 2780 175 2817 venta
191 2777 310 2818 etiamtum
327 2777 447 2816 dubitarent
463 2777 517 2816 etde
532 2789 602 2816 earum
619 2776 818 2827 interpretationibus
836 2775 953 2815 diffidenter
968 2778 1002 2815 aut

110 2838 244 2891 contemptim
260 2839 401 2890 loquerentur,
418 2837 536 2889 assyriolcgi
550 2837 652 2876 nonnulla
667 2837 692 2876 ad
707 2837 765 2877 fidem
776 2836 879 2876 doctrinae
892 2848 939 2875 suae
955 2849 1001 2876 con-

111 2899 221 2939 ciliandam
236 2901 312 2951 experti
329 2900 385 2939 sunt.
417 2901 475 2938 Anno
489 2905 541 2941 1851
554 2894 1001 2953 (11111161111116611111.116616111111111,

114 2961 141 2999 H.
153 2961 175 3000 F.
190 2961 255 3000 1111161
268 2965 288 3001 61
298 2960 325 3003 Η.
337 2956 455 2999 Bellicam
465 2958 555 3007 Londini,
572 2960 593 3000 J.
607 2958 682 3010 Oppert
692 2955 783 3015 Parisiis)
798 2972 862 2999 unam
880 2958 1002 3009 eandemque

113 3021 264 3073 inscriptionem
284 3021 370 3062 seorsim
392 3020 458 3072 legere
478 3022 498 3059 et
517 3020 649 3071 interpretari
665 3031 686 3059 se
702 3022 779 3071 paratos
795 3032 838 3059 esse
856 3019 958 3067 dixerunt,
979 3021 1002 3059 ut

110 3096 138 3123 ex
159 3094 256 3123 consensu
275 3083 405 3135 singularum
424 3081 537 3121 versionum
557 3081 659 3120 rationem
680 3093 702 3119 16
717 3081 769 3121 riam
789 3081 832 3120 eius
854 3079 1002 3131 intellegendae

111 3156 182 3183 veram
202 3156 245 3183 esse
265 3144 393 3196 probaretur.
430 3142 481 3181 (lura
501 3141 601 3182 societatis
623 3141 722 3181 Asiaticae
742 3141 876 3182 Londinensis
898 3140 1019 3193 inscriptio
