2147 3361
478 68 579 117 Sepultura
935 68 981 113 685

85 209 188 254 tamquam
210 199 262 239 duae
278 198 343 238 tribus
365 193 467 251 (Ephraim
484 199 504 236 et
519 192 618 251 Menasse)
640 208 698 235 suam
715 195 794 247 partem
816 196 882 232 terrae
900 193 981 231 Oanaan

87 262 205 314 acciperent,
225 260 257 299 ius
278 260 346 298 autem
366 257 403 296 filii
418 256 498 296 maximi
515 258 581 308 ipsum
598 257 662 296 dudae
684 256 764 307 delegat
785 252 825 309 (Gn
842 260 878 302 49,
897 260 979 296 8-112,

86 327 96 366 r
113 326 150 365 om
167 329 185 369 a,
204 317 252 375 ra).

434 459 509 517 Caput
524 461 624 504 tertiam

427 575 467 620 De
486 576 634 629 sepultura

147 695 238 736 Conleras
260 693 281 733 Ο.
298 693 435 739 Schrader,
458 693 562 744 Begraben
582 693 625 732 und
646 693 777 732 Verbrennen
799 693 826 731 im
849 692 919 732 Lichte
943 692 986 732 derv

87 760 196 809 Religious-
212 754 255 794 und
270 754 468 805 llulturgesehiclite.
490 754 575 793 Breslau
593 761 656 795 1910.

146 852 166 896 Ι,
184 849 215 891 Ab
232 845 386 904 antiquissimis
402 846 534 902 temporibus
550 846 606 902 apud
616 846 726 889 Hebraeos
741 861 781 888 usa
798 848 911 903 receptum
927 850 979 896 erat,

87 927 111 968 at
126 921 219 980 proximi
235 918 321 976 cognati
337 919 371 963 vel
381 919 445 963 amici
461 920 533 963 oculos
549 920 684 962 mortuorum
695 918 818 962 clauderent
834 933 858 961 ac
871 918 980 962 defunctis

87 1009 208 1051 supremum
226 992 321 1036 osculmu
337 992 484 1049 imprimerent
500 991 542 1052 (Gn
558 997 594 1043 46,
610 996 635 1043 43
652 992 689 1041 50,
701 996 720 1039 1.
737 991 782 1034 Tot
801 992 893 1049 14,15).
911 990 979 1043 Quem

86 1083 165 1111 morem
185 1067 241 1123 apud
257 1066 309 1109 alias
325 1080 409 1122 quoque
424 1068 499 1123 gentes
515 1065 614 1121 antiquas
630 1064 752 1108 invenimus
774 1064 846 1122 (Hom.
863 1064 925 1110 iliad,
944 1068 981 1115 11,
1056 1105 1057 1111 ,

86 1144 136 1189 452.
159 1139 232 1194 Odyss.
251 1143 285 1191 ll,
301 1141 371 1189 raas
394 1143 428 1187 24,
445 1142 495 1185 296.
524 1137 602 1195 Vergil.
618 1137 705 1180 Aeneia
722 1142 742 1189 9,
759 1141 810 1184 48ῖ.
839 1137 899 1181 Ovid.
917 1136 980 1182 Trist.

87 1221 106 1272 3,
123 1219 142 1262 3.
158 1218 198 1264 433
218 1217 239 1263 4,
256 1217 275 1261 3.
291 1213 358 1271 433.)
385 1212 413 1257 M.
429 1211 552 1255 Schabbatlr
568 1215 603 1262 23,
624 1210 747 1267 blegimus
762 1216 850 1253 mortuo
871 1210 936 1253 etiam
954 1225 978 1253 os

87 1287 180 1331 clausam
196 1301 245 1332 esse.
272 1285 333 1338 Quod
353 1285 377 1329 in
397 1288 465 1329 vetere
480 1286 609 1328 testamento
630 1298 676 1327 uon
697 1288 884 1335 commemoratur,
907 1283 980 1327 nescio
1050 1278 1051 1281 ¹

86 1376 114 1404 an
129 1360 190 1403 forte.
216 1358 340 1415 Uirumque,
357 1361 377 1401 et
393 1358 465 1401 oeulos
481 1360 542 1401 etos
558 1357 666 1410 claudere,
682 1357 755 1400 eodem
773 1359 863 1413 spectat,
880 1359 905 1400 ut
922 1371 979 1400 mor-

86 1436 135 1476 tuus
151 1431 274 1476 dormientis
290 1431 364 1475 similis
381 1431 424 1475 fiat.

146 1504 228 1548 Deinde
249 1519 325 1561 corpus
346 1505 372 1547 ad
392 1504 523 1560 sepulturam
544 1504 716 1561 praeparabatur.
744 1501 806 1555 Quod
825 1503 919 1546 Hebraei
941 1518 982 1559 po-

87 1577 180 1621 sterioris
196 1578 271 1621 aetatis
288 1577 366 1621 calenti
382 1592 436 1634 aqua
452 1577 522 1620 lotum
539 1577 589 1636 (aaa
604 1582 625 1629 9,
642 1578 679 1634 3ῖ)
695 1577 763 1633 longa
779 1576 872 1619 sindone
889 1577 979 1636 (σινδὼν)

87 1655 130 1694 una
146 1666 194 1694 cnm
210 1650 348 1701 aromatibus,
369 1650 474 1706 imprimis
490 1650 577 1706 myrrha
593 1652 614 1693 et
629 1650 682 1702 aloe,
705 1649 847 1693 involvebant
863 1650 982 1707 multisque

87 1723 156 1766 fasciis
173 1724 260 1783 (ὀθόνια,
276 1723 355 1782 κειρίαν)
372 1722 474 1781 ligabant,
491 1725 511 1767 et
528 1723 618 1779 quidem,
635 1726 659 1766 nt
675 1722 766 1775 videtur,
783 1738 862 1766 manus
878 1725 900 1766 et
916 1722 980 1780 pedes

87 1797 180 1848 seorsim,
201 1798 266 1852 caput
281 1810 330 1840 vcro
346 1796 430 1839 sudario
451 1797 574 1855 (σουδάριον)
596 1795 669 1839 subter
686 1799 784 1839 mentum
804 1797 902 1840 revincto
920 1803 979 1853 tege-

26 1868 981 1930 .ammmmmmmmmmmmmmmwwt

87 1941 169 1985 Deinde
189 1956 270 1999 corpus.
292 1942 334 1985 uisi
356 1941 415 1986 brevi
436 1942 581 1998 sepeliendum
604 1945 654 1991 erat,
677 1941 701 1985 in
724 1942 825 1986 cenaculo
842 1942 980 2000 deponebant

88 2015 106 2075 (l
122 2015 156 2073 ag·
173 2020 206 2067 17,
224 2019 258 2063 19,
278 2015 318 2059 Act
334 2020 353 2068 9,
370 2017 413 2076 37).
440 2014 480 2067 aar
496 2016 551 2059 ritus
566 2016 631 2059 verbo
648 2017 774 2075 ἐνταφιάζειν
795 2017 808 2058 i.
826 2030 843 2059 e.
860 2030 934 2059 evirare
955 2022 980 2062 aa

87 2090 171 2148 ἐντάφια
187 2088 228 2147 (tlt
244 2092 279 2141 26,
297 2093 330 2136 12.
351 2088 378 2131 do
396 2093 430 2141 19,
446 2088 484 2146 40)
505 2088 539 2130 vel
554 2093 680 2148 συγκομίζειν
697 2096 767 2148 νεκρόν
788 2089 801 2136 i.
818 2105 834 2135 e.
851 2103 982 2146 componere

87 2165 196 2204 mortuum
218 2161 245 2204 ad
265 2161 394 2218 sepulturam
416 2161 466 2220 (aet
482 2165 502 2212 8,
519 2162 541 2220 2)
564 2160 782 2217 comprehenduntur.
810 2162 900 2207 Hebraei
922 2163 980 2205 anti-

87 2233 170 2290 quiores
190 2234 274 2277 eosdem
295 2234 348 2277 ritus
370 2248 462 2276 servasse
477 2233 584 2287 ridentur,
605 2234 655 2277 licet
670 2234 693 2277 id
708 2233 839 2277 testimoniis
856 2235 982 2279 confirmari

87 2319 132 2348 uon
148 2307 220 2363 possit,
243 2322 293 2349 nam
308 2306 332 2349 in
348 2308 417 2349 vetere
432 2307 562 2349 testamento
583 2305 639 2349 nihil
656 2307 682 2349 de
698 2310 756 2350 veste
771 2310 909 2351 mortuorum
926 2309 980 2351 dici-

87 2381 128 2421 tur.
150 2379 182 2422 Ex
197 2380 208 2423 I
224 2379 260 2423 Sm
277 2395 292 2423 o.
309 2383 344 2427 28.
359 2379 396 2422 Jes
412 2394 427 2423 o.
448 2384 480 2426 14.
497 2379 525 2422 lla
541 2383 576 2430 32,
593 2384 620 2427 27
638 2380 740 2423 nonnulli
755 2380 865 2437 colligunt
881 2384 981 2425 mortuos

87 2450 113 2493 iis
130 2452 265 2504 vestimentis,
282 2468 335 2510 quae
351 2453 393 2495 vivi
409 2455 550 2509 gestaverant,
566 2452 655 2496 indutos
671 2453 765 2509 sepultos
782 2467 832 2500 esse.

149 2526 229 2570 Morem
244 2541 333 2583 eorpora
348 2528 483 2570 mortuorum
499 2528 610 2572 coartanda
627 2528 683 2588 (aaa)
700 2527 806 2571 Hebraeos
823 2527 850 2570 ab
865 2528 980 2584 Aegyptiis

88 2597 184 2642 didicisse
200 2600 314 2643 verisimile
330 2602 366 2651 est,
388 2600 425 2656 qui
441 2614 465 2642 ea
481 2600 586 2659 singulari
602 2616 654 2644 cura
670 2600 757 2644 condire
773 2602 794 2644 et
810 2616 823 2644 a
839 2601 980 2657 corruptione

23 2732 24 2735 Ἴ
87 2685 169 2715 servare
185 2673 286 2719 solebant,
314 2672 393 2730 Corpus
409 2673 439 2716 ita
455 2677 604 2729 praeparatam
621 2674 687 2732 vulgo
703 2674 799 2716 mumia1
821 2673 942 2729 appellatur
960 2679 982 2718 et

87 2743 110 2785 in
126 2744 178 2789 cista
193 2746 266 2804 lignea
281 2746 350 2803 figura
365 2745 460 2789 hominis
476 2746 583 2790 inclusum
598 2747 632 2791 vel
647 2748 671 2790 in
687 2747 783 2803 sepulcro
796 2746 929 2790 condebatur
946 2748 980 2791 vel

89 2816 146 2861 domi
157 2820 309 2866 asservabatur,
329 2819 421 2862 llumiae
435 2820 492 2863 enim
508 2836 546 2877 per
561 2821 623 2877 plura
634 2820 718 2863 saecula
733 2820 871 2876 incorruptae
882 2824 981 2873 manent,

87 2889 117 2932 ita
132 2894 157 2934 ut
172 2892 196 2935 in
213 2892 310 2950 Aegypto
326 2892 444 2936 nonnullae
461 2896 483 2937 et
498 2894 658 2938 inventae'sint
674 2898 695 2937 et
711 2893 776 2936 etiam
792 2907 852 2936 nune
863 2893 982 2937 invenian-

87 2965 128 3015 tur,
148 2980 203 3022 qaae
224 2965 251 3009 ad
266 2965 430 3009 remotissimam
451 2969 548 3019 aetatem,
569 2967 676 3011 decimum
696 2968 733 3009 ant
753 2965 855 3024 quiritum
871 2966 981 3010 decimum

88 3051 105 3078 a.
117 3036 153 3084 aa
165 3053 185 3084 n,
202 3039 309 3083 saeculum
325 3039 446 3083 referendae
458 3043 514 3085 sunt.
535 3041 585 3084 Tres
600 3040 659 3084 modi
675 3054 789 3097 corporum
805 3040 980 3085 condiendorum

87 3109 144 3164 apud
155 3110 272 3169 Aegyptios
287 3112 360 3156 usitati
376 3114 402 3156 ab
418 3113 527 3159 Herodoto
544 3114 607 3175 (Hist.
619 3118 639 3168 2,
652 3115 749 3173 art—88)
766 3116 788 3157 et
798 3114 896 3159 Diodoro
908 3114 983 3160 Siculo
