2147 3361
436 79 483 117 Dies
491 80 605 128 expiationis
680 106 681 114 .
926 84 970 127 217

72 212 138 267 Jes'p
152 222 178 258 18
195 208 283 252 adhunc
294 209 356 249 ritum
374 206 448 258 respici
464 208 609 248 existimarent.
636 208 674 248 Sed
691 210 827 248 commentum
844 206 905 246 illum
921 218 971 255 esse,

73 283 107 323 cui
122 281 165 330 ipse
181 271 238 314 locu-s
256 272 331 311 allatus
347 280 429 308 causam
444 269 545 319 praebuit,
562 269 616 309 haud
632 269 714 309 difficile
730 270 761 309 est
776 269 850 320 probat
867 296 871 305 .
897 303 899 308 .

133 352 230 398 Tempore
241 342 364 396 ¹posteriore
385 341 453 381 hircus
470 341 498 389 dev
510 355 561 394 rupe
578 342 664 394 quadam
680 342 702 381 in
719 342 798 382 deserto
819 353 882 393 prope
898 341 971 381 Hiero-

74 416 149 466 301yma
162 397 296 459 'praecipitari
313 403 390 443 solebat
407 398 441 457 (111,
458 402 517 442 Joma
534 410 552 451 6,
570 400 645 458 4-6),

136 505 194 552 aaut
210 503 344 544 victimarum
358 513 427 540 carnes
444 501 590 540 comburebant
606 502 626 539 et
639 501 718 541 hircum
729 502 751 540 in
762 501 871 541 desertum
881 499 969 539 abduce-

74 572 128 617 bant,
150 566 239 615 aliquam
254 562 405 603 immunditiam
423 562 548 601 contraxisse
565 562 703 611 censebantur,
724 575 776 613 quae
793 563 839 602 ante
854 561 970 613 ingressum

74 633 95 671 in
111 631 175 669 castra
192 620 280 679 (urbem)
299 629 352 673 aqua
368 622 474 674 purganda
490 624 534 663 erat
550 619 587 678 (Lv
605 629 638 669 16,
657 629 690 665 26.
709 628 742 665 28.
758 624 784 664 ll.
801 623 861 662 Joma
878 627 896 670 6,
915 618 969 676 ts).

135 724 202 773 aaron
220 721 274 772 quod
295 719 449 761 immunditiam
470 720 571 770 quandam
592 720 725 761 contraxisset
739 717 801 776 (nam
822 721 872 759 tuno
892 733 915 760 eo
936 719 969 758 die

73 801 113 828 non
133 783 220 835 amplius
241 781 302 821 sacris
324 780 403 832 operari
424 781 529 832 potuisset,
551 793 598 821 cum
619 781 684 820 omnis
705 780 836 820 immunditia
857 792 923 831 usque
944 780 969 819 ad

74 858 176 899 vesperam
192 841 291 897 duraret),
308 842 343 881 sed
354 844 379 881 ut
396 843 432 881 hac
448 842 570 882 caerimonia
586 842 703 895 ostenderet
713 848 734 880 et
745 855 765 881 se
777 844 797 881 et
812 842 912 898 populum
928 842 969 880 iam

72 923 86 948 a
101 906 192 947 sordibus
208 905 337 955 peccatorum
352 904 450 954 purgatos
467 916 490 943 ac
506 903 602 943 liberatos
618 915 667 944 esse.

133 1024 168 1069 II.
186 1021 217 1064 De
239 1020 400 1078 significatione
420 1011 590 1064 vocabuntur
606 1035 699 1078 magnus
719 1023 751 1064 est
767 1021 909 1076 interpretum
926 1021 969 1063 uis-

71 1112 151 1148 sensus,
167 1109 259 1151 quorum
275 1094 345 1137 varias
361 1094 479 1137 sententias
495 1109 619 1138 enumerare
635 1097 657 1137 et
672 1094 786 1137 diiudicare
802 1093 907 1138 volumus.

132 1168 203 1224 Atque
223 1165 327 1209 nonnulli
348 1165 415 1226 (velut
436 1166 519 1223 Siphra
541 1167 576 1213 Ps.
592 1166 712 1220 Jonathan,
733 1166 822 1224 Sa‘adja,
844 1166 968 1210 1111111111-

72 1241 182 1298 penianus,
199 1238 218 1285 S.
235 1238 316 1291 1111111,
334 1239 376 1283 11111
393 1238 460 1299 ‘Esra)
478 1255 502 1283 eo
518 1241 612 1283 nomine
624 1239 741 1297 significari
757 1230 882 1284 existimant
896 1239 968 1283 locum

71 1315 176 1357 desertum
194 1312 238 1355 sire
253 1316 358 1365 montem,
375 1328 388 1354 a
398 1315 472 1355 monte
482 1312 542 1357 Sinai
557 1312 615 1356 haud
631 1314 725 1356 multum
740 1317 854 1367 remotum,
870 1312 894 1356 in
905 1327 969 1369 quem

74 1387 149 1437 hircus,
170 1385 273 1441 quamdiu
289 1385 380 1429 Hebraei
400 1385 424 1428 in
441 1385 557 1429 solitudine
573 1386 768 1438 commorabantur,
790 1386 899 1430 ducendus
915 1387 968 1437 erat,

72 1461 97 1502 ut
113 1474 137 1501 ex
154 1473 178 1501 eo
195 1458 377 1514 praecipitaretur.
408 1457 436 1501 'ut
452 1473 500 1501 cum
516 1458 606 1503 Hebraei
623 1475 636 1501 a
651 1461 725 1502 monte
742 1459 801 1503 Sinai
817 1459 967 1510 discessissent,

71 1531 187 1588 quotannis
204 1531 237 1574 die
254 1531 383 1588 expiationis
404 1531 476 1574 locum
492 1532 600 1588 quendam
617 1531 675 1575 haud
690 1533 766 1589 procul
782 1549 795 1576 a
811 1533 886 1576 eastris
902 1532 968 1576 situm

71 1603 237 1647 determinatum
245 1604 379 1656 essedicunt,
388 1605 426 1661 qui
434 1607 505 1660 partes
514 1608 536 1649 et
544 1622 557 1648 n
561 1620 624 1649 omen
632 1605 698 1661 primi
705 1606 765 1649 illius
772 1606 845 1650 hsasel
853 1606 969 1662 susciperet

74 1691 156 1733 quoque
172 1676 244 1720 hircus
259 1677 296 1721 ille
312 1677 452 1722 emitteretur.
480 1677 538 1731 Quae
549 1681 581 1722 est
591 1681 739 1737 baterpretotio
751 1680 829 1723 loculis.
855 1680 885 1723 At
901 1679 977 1735 respi-⁴

70 1749 169 1792 ciendum
190 1753 222 1793 est
237 1749 260 1793 vi
280 1750 323 1793 loci
345 1750 422 1794 remoti
442 1752 533 1807 probata
549 1752 580 1796 Lu
598 1756 631 1804 16,
649 1757 677 1799 10
698 1753 826 1796 alterutrum
843 1752 868 1795 de
885 1752 968 1795 duobus

73 1821 179 1865 vocabulis
195 1826 276 1872 ³12}th
293 1814 360 1873 5116115
374 1838 416 1881 pro
433 1825 510 1869 Asuset
526 1826 563 1885 (z
575 1839 613 1881 pro
625 1825 717 1884 deserto)
733 1827 756 1869 aa
772 1827 877 1870 desertam
893 1840 966 1882 super-

71 1908 187 1938 uacaneum
207 1910 252 1938 esse
274 1896 374 1953 nihilque
394 1897 438 1940 nisi
453 1898 602 1956 tautologiam,
623 1913 671 1941 cum
688 1913 763 1941 omnes
779 1898 906 1943 solitudines
921 1899 968 1942 loca

74 1966 99 2009 ab
115 1967 228 2011 hominum
245 1984 285 2012 usu
301 1972 323 2013 et
338 1969 462 2027 frequentia
477 1975 560 2014 remota
576 1986 620 2015 esse
636 1972 712 2015 solent.
739 1972 838 2016 Ceterum
854 1972 915 2015 locus
931 1973 967 2015 de-

70 2042 138 2083 sertus
154 2041 198 2083 sire
214 2056 277 2085 mons
293 2042 382 2085 nomine
393 2043 467 2087 Asasel
478 2046 499 2086 et
510 2058 581 2087 sacrae
592 2046 613 2087 et
623 2044 726 2100 profanae
743 2044 888 2103 geographiae
904 2045 967 2101 plane

73 2112 159 2168 ignotus
175 2116 212 2166 est,
231 2115 296 2171 quod,
312 2116 331 2158 si
346 2118 420 2159 tantae
436 2116 567 2161 celebritatis
582 2117 663 2169 fuisset,
680 2132 725 2161 esse
741 2134 787 2162 non
802 2121 879 2175 posset.

130 2185 173 2228 Alii
191 2178 245 2229 &ltili
261 2188 329 2244 ipsius
349 2188 402 2232 hirci
424 2188 448 2232 in
465 2189 572 2234 desertum
592 2190 651 2234 missi
667 2206 748 2234 nomen
764 2207 809 2235 esse
825 2192 967 2244 contendunt,

69 2258 131 2312 quasi
147 2273 172 2302 ex
189 2260 209 2301 ry
226 2263 247 2303 et
264 2252 300 2311 tt?
316 2284 345 2299 =
362 2254 395 2311 5111
411 2264 463 2306 abiu
479 2264 621 2323 compositum
638 2265 672 2308 sit.
700 2263 757 2317 Quae
773 2267 806 2308 est
821 2267 967 2322 tratelpretolio

73 2333 211 2389 elprnolopicu,
240 2333 279 2377 Cui
291 2335 417 2379 derivationi
435 2336 581 2394 suffragantur
591 2337 687 2395 Vulgata
703 2338 800 2398 (,hircus
816 2339 965 2395 emissarius“),

69 2400 209 2456 ,Symmachus
230 2408 313 2467 (τρνὶγος
335 2409 491 2470 ἀπερχόμενος),
512 2410 592 2468 aquila
612 2414 697 2472 (τράγος
718 2412 875 2472 ἀπολυόμενος),
896 2411 966 2454 Theo-

69 2473 144 2519 dorion
161 2479 246 2537 (τράγος
262 2483 385 2542 ἀφιέμενος),
403 2481 431 2527 lli.
447 2481 512 2526 <loma
527 2488 548 2536 4,
566 2489 589 2535 2;
606 2488 626 2536 6,
646 2490 684 2531 ls.
700 2484 822 2529 Sclreliallm
837 2489 858 2536 4,
875 2489 888 2531 2
905 2485 965 2538 (ἾΨΨ

69 2538 171 2610 tibilim),
188 2554 309 2610 complures
321 2558 392 2610 patres
403 2555 510 2607 ecclesiae,
526 2559 551 2600 ut
561 2557 661 2601 Justinus
678 2558 771 2618 (Dialog.
783 2573 799 2604 e.
811 2556 889 2614 Tryph.
904 2559 916 2615 ᾗ
929 2562 965 2605 46,

72 2618 135 2666 1166
151 2629 171 2676 6,
185 2627 245 2686 564),
263 2626 369 2684 Origenes
385 2628 456 2686 (Hom.
468 2634 487 2676 9.
504 2630 527 2673 in
544 2631 581 2678 Lv.
597 2633 640 2689 63.
656 2631 685 2676 ib.
698 2636 732 2686 12,
744 2632 803 2690 511),
819 2630 965 2673 Theodoretus

70 2692 116 2749 (tlu-
133 2701 167 2744 22.
184 2698 208 2741 in
225 2700 261 2743 Lr.
278 2700 306 2743 ib.
324 2705 360 2754 80,
377 2703 438 2759 328),
459 2702 595 2759 Augustinus
612 2703 705 2765 (Quaest.
721 2705 745 2748 in
760 2704 899 2761 Heptateuch.
915 2703 928 2746 1.
945 2709 965 2752 3.

71 2779 105 2820 qu.
117 2772 150 2816 55.
167 2770 231 2815 MSL
248 2777 283 2825 34,
296 2776 356 2832 761),
373 2775 475 2817 nonnulli
491 2778 625 2821 recentiores.
653 2777 710 2830 Quae
726 2781 799 2821 tamen
815 2777 965 2833 interpretatio

70 2838 139 2892 priore
156 2857 202 2886 non
218 2848 251 2889 est
266 2847 349 2893 melior.
381 2846 440 2890 Nam
456 2853 475 2889 ll>
491 2864 538 2893 non
554 2854 587 2895 est
602 2866 665 2909 cuper
681 2854 718 2894 aut
733 2852 809 2903 leirena
830 2850 867 2893 sed
883 2864 966 2907 cupro,-

70 2924 138 2968 neque
154 2915 173 2952 rr
190 2919 211 2960 et
228 2909 261 2955 tit>
279 2934 357 2977 genere
378 2921 517 2974 conveniunt,
540 2924 620 2980 quippe
636 2938 685 2967 cunr
699 2923 753 2967 illud
768 2923 903 2975 femininum,
924 2923 966 2967 hoe

70 2987 211 3033 masculinum
228 2992 262 3035 sit.
294 2993 407 3037 Praeterea
426 2994 628 3051 interpretationem
648 2997 708 3040 illam
729 2996 895 3053 etymologicam
916 3012 966 3040 cum

69 3053 121 3101 locis
137 3060 168 3103 Lv
185 3067 219 3118 16,
239 3069 272 3113 16.
289 3071 318 3113 26
340 3081 385 3109 neu
407 3069 521 3111 convenire
541 3070 677 3126 perspicuum
694 3071 730 3112 est.
763 3068 809 3122 Quo
826 3060 966 3114 modocnim

70 3126 140 3176 hircus
156 3134 183 3177 ad
199 3137 273 3181 Asasel
291 3140 336 3183 sire
353 3140 438 3182 hircum
454 3141 587 3185 emissarium
603 3142 661 3186 mitti
677 3145 764 3199 potest?
