2147 3361
377 53 492 101 'tegimenta
505 55 575 103 capitis
588 56 607 92 et
619 55 689 103 pedum
935 57 979 102 469

85 176 152 237 (Zeph
169 181 188 229 1,
204 176 226 237 8)
264 177 299 221 uti
313 176 398 221 licebat.
430 176 502 221 Vestis
518 186 602 236 quoque
618 194 643 223 ex
660 178 743 222 duobus
758 177 845 221 filorum
860 176 980 234 generibus,

85 251 131 296 lino
147 252 169 294 et
183 249 239 303 land,
260 253 362 294 contexta
381 249 458 293 illicita
479 253 524 294 erat
545 252 584 312 (tv
602 257 687 306 11119.
708 251 790 303 Dt22,
807 251 850 311 11).
883 248 980 294 Ceterum

85 323 156 384 variae
167 338 250 380 quoque
260 324 378 368 hominurn
389 322 526 367 condiciones
537 324 671 369 vestimentis
682 324 783 382 cognosci
792 324 900 382 poterant,
915 322 980 366 Velut

85 397 142 445 Prou
160 401 178 451 7,
196 396 329 445 lbbabitus
345 397 464 441 meretricis
480 397 561 441 mentio
577 397 603 442 fit
618 401 640 442 et
655 397 733 443 Judith
751 402 784 451 10,
801 403 815 446 3
833 397 900 458 (Vulg
910 411 929 439 v,
940 382 994 461 2s)cl

85 471 211 514 vestimenta
232 470 345 515 viduitatis
371 469 455 515 exuisse
480 474 545 528 atque
570 471 698 515 vestimenta
722 470 862 514 iucunditatis
885 469 979 521 induisse

82 543 168 590 dicitur.

149 644 224 691 1ou0a
244 648 376 698 praeceptum
396 659 439 686 non
459 646 489 686 ita
509 646 671 698 intellegendum
687 648 723 694 est,
744 646 810 687 utad
825 645 904 685 nullam
920 644 979 684 aliam

81 720 127 747 rem
148 707 229 758 spectet,
250 706 291 747 nisi
311 710 336 746 ut
352 708 415 748 vestis
436 708 519 760 propria
540 707 595 748 civili
614 720 669 747 more
689 707 772 758 utrique
792 706 848 748 serui
868 705 978 746 constituta

81 768 219 808 conservetur.
251 767 303 807 Nam
321 769 339 809 si
354 768 386 808 ita
402 770 460 817 esset,
483 768 558 820 quiin
574 781 596 807 ea
615 781 636 808 re
657 770 779 820 peccaverat,
799 779 840 807 non
860 766 978 816 „detestatio

81 828 174 877 ,11111111ί
190 828 289 880 appellari
304 831 375 881 posset
392 825 414 886 (1.
431 826 461 885 a),
479 842 531 881 quae
547 829 656 881 appellatio
672 829 717 868 aliis
733 829 782 868 locis
798 828 839 868 nisi
854 828 878 867 de
894 828 978 878 peccatis

81 889 187 942 grissibus,
207 890 315 941 praecipue
333 890 357 929 de
375 890 460 930 deorum
482 890 670 930 commenticiorum
690 890 748 930 cultu
770 886 806 944 (Dt
824 894 857 936 18,
877 884 918 947 12),
939 901 979 928 non

83 951 199 1002 usurpatur.

146 1047 156 1078 ⁴2
167 1047 285 1099 Complures
305 1048 428 1100 interpretes
450 1049 568 1089 existimant
588 1048 650 1089 uerba
666 1048 741 1096 „vestis
757 1048 874 1099 peregrina“
890 1046 979 1086 homines

83 1107 184 1148 tastuosos
205 1108 325 1161 significare,
348 1110 385 1160 qui
401 1123 425 1149 ex
441 1110 504 1149 animi
522 1109 607 1150 leuitate
623 1109 714 1161 patrium
729 1107 829 1149 restitum
845 1109 944 1159 spernunt
959 1112 980 1147 et

85 1169 169 1209 aliarum
185 1170 276 1221 gentium
288 1170 411 1211 vestimenta
427 1173 536 1210 assumunt
553 1171 590 1210 aut
605 1170 645 1221 ipsi
661 1182 713 1210 nova
723 1169 891 1210 vestimentorum
907 1181 980 1220 genera

82 1229 197 1279 inveniunt,
213 1232 238 1270 ut
253 1231 312 1270 luxui
329 1231 445 1272 satisfacere
461 1231 548 1283 possint.
575 1227 617 1271 Alii
633 1244 667 1271 eas
677 1232 743 1272 vestes
758 1230 888 1282 intellegunt,
905 1230 979 1280 quibus

85 1291 200 1331 idololatrae
210 1291 233 1332 in
243 1292 303 1332 cultu
313 1291 399 1332 deorum
410 1293 529 1332 utebantur.
556 1292 598 1332 Alii
613 1304 683 1332 rursus
698 1293 775 1332 vestem
789 1290 869 1332 uirilem
880 1304 891 1330 a
901 1290 980 1331 feminis

81 1353 105 1391 et
120 1352 238 1392 muliebrem
255 1366 267 1392 a
283 1352 332 1393 viris
348 1355 470 1405 usurpatam
485 1353 573 1393 indicari
588 1353 694 1393 affirmant.

144 1462 257 1503 narratoria.
280 1485 309 1490 —-
332 1461 475 1502 Sudarium
498 1458 623 1518 (σουδάριον)
645 1462 689 1501 erat
710 1461 816 1501 linteolum
839 1460 864 1500 ad
886 1461 979 1502 sudorem

84 1522 155 1561 vultus
171 1522 328 1575 abstergendum
345 1519 382 1579 (ne
396 1529 476 1570 111211.
492 1519 634 1579 1111111),
654 1536 694 1575 quo
710 1522 812 1563 etiamad
829 1521 889 1573 caput
904 1523 957 1562 mort
973 1522 977 1529 '

85 1582 230 1624 involvendum
245 1583 360 1623 utebantur
376 1580 410 1639 (Jo
429 1591 462 1632 11,
480 1589 519 1632 443
538 1590 572 1632 20,
590 1581 619 1640 7).
650 1582 757 1624 Interdum
773 1596 805 1623 res
821 1582 903 1623 maioris
917 1583 979 1634 pretii

84 1643 107 1683 in
117 1656 140 1683 eo
151 1644 312 1684 recondebantur
323 1640 360 1699 (Le
369 1645 384 1685 1,
396 1640 427 1700 (1.).
443 1667 473 1674 --
490 1644 693 1685 Semicinctium
704 1640 835 1701 (orpratrdrou
846 1644 885 1683 Act
898 1650 930 1693 19,
943 1640 978 1700 12)

81 1706 128 1744 erat
147 1705 282 1757 tegimentum
302 1705 400 1753 linteum,
424 1718 464 1756 quo
487 1705 568 1757 opifices
595 1705 688 1746 adversas
711 1705 800 1756 corporis
820 1707 890 1756 partes
911 1707 978 1757 tegere

82 1766 176 1805 solebant
195 1762 232 1821 (ε
248 1762 426 1818 praecinctorium,
448 1763 549 1822 achaeae).
573 1790 598 1795 —
621 1766 808 1819 Digitabulum
829 1764 978 1824 (δοκτολήθρα,

84 1823 214 1883 Handschuh)
231 1828 356 1867 memoratur
372 1827 398 1868 Μ.
415 1826 484 1867 Kelim
501 1834 534 1876 le,
553 1834 576 1875 63
595 1832 629 1875 24,
648 1834 686 1874 153
704 1832 738 1875 26,
757 1833 775 1869 3.
792 1827 851 1879 larg.
867 1827 907 1866 Rth
923 1833 942 1876 4,
961 1834 978 1869 1.

437 2024 513 2080 capua
528 2024 633 2070 tertium

276 2152 317 2198 De
337 2151 498 2208 tegimentis
518 2152 618 2207 capitis
639 2154 668 2199 et
686 2152 792 2207 pedum

145 2291 166 2336 I.
182 2289 273 2348 Antiqui
295 2291 389 2334 Hebraei
411 2289 496 2334 nullum
519 2291 595 2347 capitis
617 2291 761 2348 tegimentum
782 2291 881 2335 habuisse
900 2294 920 2336 et
939 2307 978 2336 ca-

83 2364 171 2420 pillos
188 2365 244 2425 (1712,
266 2365 339 2421 Assyr,
352 2366 424 2423 piata)
447 2365 493 2408 solo
514 2364 612 2409 funiculo
634 2365 698 2422 capiti
719 2365 816 2423 alligasse
831 2364 935 2417 videntur,
951 2380 978 2408 ne

86 2437 212 2482 diffluerent.
244 2438 271 2481 ln
292 2438 442 2481 monumentis
457 2437 571 2495 Aegyptiis
592 2438 656 2494 Syros
676 2438 706 2482 ita
725 2438 788 2482 fictos
808 2438 934 2491 invenimus,
954 2440 979 2482 ut

85 2511 140 2554 circa
150 2510 238 2567 capillos
249 2511 395 2569 dependentes
411 2513 489 2555 restem
505 2514 597 2569 gestent,
613 2513 649 2570 qui
661 2527 708 2556 mos
718 2513 783 2556 etiam
793 2512 858 2556 bodie
868 2512 892 2555 in
902 2512 979 2555 Arabia

83 2586 159 2628 exstat.

145 2657 216 2714 Atque
231 2659 274 2701 otri
288 2656 386 2702 Hebraei
403 2656 494 2713 capillos
511 2657 626 2715 diligenter
642 2658 728 2702 alebant
744 2656 790 2717 (Jer
802 2663 821 2710 7,
833 2662 867 2705 29.
883 2656 911 2701 aa
928 2662 947 2710 ὃ,
959 2662 979 2705 3·
1021 2644 1022 2647 Ἴ

84 2728 113 2773 dt
133 2732 152 2782 5,
171 2734 203 2778 11,
229 2730 275 2775 dos.
294 2729 333 2774 AJ
354 2735 374 2784 8,
396 2735 456 2781 '433
482 2734 515 2783 14,
536 2735 555 2778 9.
575 2732 598 2791 4)
610 2735 623 2783 1,
649 2731 759 2775 interdurn
781 2734 854 2775 tamen
875 2730 979 2775 novacula

81 2801 151 2861 (14¹1,
162 2803 217 2861 01:44)
234 2803 374 2848 succidebant
394 2803 424 2862 (ll
441 2803 477 2847 Sm
495 2807 530 2857 14,
547 2808 582 2852 26.
604 2804 630 2848 cf.
646 2803 675 2848 Ea
690 2808 726 2857 44,
743 2805 787 2863 20),
808 2804 901 2860 exceptis
920 2804 979 2847 nazi-

82 2879 145 2929 raeis,
161 2876 203 2933 qui,
220 2876 272 2920 dum
287 2879 365 2921 votum
381 2876 527 2933 permanebat,
543 2877 633 2934 capillos
643 2866 759 2921 detondere
774 2876 836 2920 vetiti
852 2879 911 2925 erant
927 2876 982 2936 (Nm

81 2950 151 3009 115).
182 2950 263 2994 Diebus
283 2950 344 2994 iestis
365 2952 387 2993 et
407 2949 431 2993 in
449 2950 555 2994 conviviis
576 2950 665 3007 capillos
685 2949 849 3009 generosissimo
870 2949 918 2993 oleo
939 2949 980 2993 oli-

81 3036 160 3065 ¹uarum
175 3037 223 3066 cum
239 3023 349 3075 odoribus,
366 3022 473 3080 imprimis
489 3038 539 3067 cum
554 3023 623 3067 nardo
639 3023 733 3082 genuina
750 3023 833 3083 (νάρδος
849 3029 929 3085 crerier}
945 3022 980 3066 llc

83 3098 121 3147 14,
137 3099 157 3142 3.
176 3095 203 3140 Jo
222 3100 256 3149 12,
274 3101 293 3143 3.
310 3100 346 3146 tu
363 3094 390 3139 Ut
408 3100 426 3148 1,
444 3100 483 3148 123
499 3101 520 3149 4,
538 3100 566 3144 13
578 3111 593 3143 s.
613 3095 695 3142 Sanscr.
712 3096 800 3150 recludet,
817 3095 874 3150 Pers,
890 3097 979 3157 cundia]
