2147 3361
401 105 403 107 -
452 82 519 120 Officia
531 83 641 121 Levitarum
954 88 997 132 169

100 215 138 257 BJ
155 219 174 260 6,
188 218 206 254 5.
219 207 247 266 3),
279 209 341 256 Quem
362 209 485 249 sacerdotem
506 212 593 251 eundern
613 224 656 251 esse
671 210 782 252 verisimile
798 212 835 259 est,
858 209 893 261 qui
911 210 937 256 lli?
955 209 1007 249 sive,

100 277 136 325 1113,
152 275 220 317 Aram,
236 272 262 319 ll?
278 271 402 320 nominatur,
419 270 518 323 dignitate
534 268 625 322 pontifici
640 273 750 324 proximus.

106 395 107 398 =
160 369 213 409 ·4(lt.
230 370 248 412 J.
264 368 385 417 deerle,
406 367 443 408 Die
459 368 612 421 Tempelsdnger
627 370 655 408 im
672 370 726 410 alten
742 370 866 411 Testament.
898 368 999 409 Einller·

103 433 152 475 such
168 444 204 471 rur
219 429 367 471 israelitischen
382 428 425 468 und
439 429 547 480 jddischen
562 430 755 482 Kultusgesohiehte.
771 432 872 484 Erlangen
891 437 956 473 1899.

163 561 279 616 Adaetutr'c.
296 586 325 593 -
345 564 375 603 Ex
390 562 465 617 ‘exsilio
481 562 593 614 Babylonio
614 575 660 603 curn
676 565 801 619 Serubbabel
821 566 843 604 in
859 564 997 617 patriam-re-

100 628 185 681 dierunt
203 632 230 668 74
246 625 332 674 Levitae,
357 630 398 667 128
415 628 512 672 cantores,
536 630 576 668 138
594 624 689 664 ianitores
712 622 997 681 (Ε812,40-42.,8881111-

103 692 151 730 dum
168 687 213 726 Neu
231 695 248 734 7,
266 681 321 728 458.
338 681 406 726 autem
424 691 465 728 148
483 687 580 732 cantores,
599 691 640 727 138
657 684 769 740 ianitores),
790 699 889 726 numerus
906 689 939 726 sat
955 685 997 726 eri-

104 762 164 805 ι811118,
187 748 204 787 si
220 747 334 787 consideres
351 760 374 786 eo
389 748 480 798 tempore
497 752 555 789 4289
573 745 685 787 sacerdotes
700 747 776 786 redisse
793 747 838 801 (llsr
856 753 874 794 2,
893 744 998 802 :ac-39),

103 811 174 853 Postea
187 818 236 849 ‘cum
251 808 302 848 Esra
317 814 359 847 una
375 820 420 847 cum
436 808 481 847 aliis
496 807 536 846 iter
551 808 573 847 in
584 806 683 847 Judaeum
698 808 808 847 instituens
824 808 908 848 comites
924 821 997 848 nume·
1061 839 1064 845 .

103 873 162 918 rarat,
179 882 205 909 ne
221 882 275 909 118118
292 869 374 920 quidem
389 869 460 908 Levita
475 869 530 908 inter
546 881 579 908 eos
595 868 691 916 inventus
708 870 739 908 est
750 865 796 925 (Esr
808 875 826 917 8,
841 865 876 924 ts)
894 871 915 908 et
925 869 998 909 nuntio

103 933 164 973 misso
185 930 365 982 adhortationeque
381 929 434 969 facta
454 930 520 970 solum
538 934 564 973 38
582 929 663 969 Levitae
680 931 705 969 ad
721 929 810 969 reditum
831 942 851 969 se
867 930 999 969 accinxerunt

101 992 138 1050 (ib.
154 1006 173 1033 v.
192 998 217 1035 18
230 990 261 1046 s).

164 1111 189 1166 3)
220 1109 306 1153 Levitae
322 1109 348 1152 ab
364 1123 422 1151 anno
438 1108 545 1152 tricesimo
562 1108 614 1169 (Nm
629 1112 650 1160 4,
662 1113 682 1156 3.
694 1112 729 1156 23.
745 1112 780 1156 30.
792 1112 826 1156 35.
838 1112 873 1156 39.
889 1108 999 1167 43481,

104 1186 172 1229 aetate
188 1182 258 1226 David
274 1182 329 1239 regis
345 1182 372 1226 ab
388 1197 445 1226 anno
462 1181 562 1226 vicesimo
579 1181 598 1241 (l
610 1181 699 1234 011123,
712 1186 725 1229 3
740 1181 786 1237 [ubi
803 1180 868 1243 qqtlt’l?
883 1179 1000 1240 legendum

101 1260 152 1313 est}
169 1260 213 1313 24),
229 1256 281 1310 item
297 1255 324 1298 ab
341 1270 398 1298 anno
414 1253 513 1298 vicesimo
529 1255 662 1311 temporibus
678 1254 753 1298 Hislu'a
769 1254 800 1314 (Π
815 1254 859 1298 Chr
877 1255 962 1314 31,1'l)
980 1256 1001 1297 et

105 1331 154 1387 post
170 1329 269 1372 exsilium
290 1327 337 1387 (11ss
353 1333 373 1380 3,
390 1333 409 1375 8.
431 1328 456 1371 cf.
472 1327 517 1373 dos,
534 1327 574 1371 Α]
591 1332 626 1380 11,
642 1332 662 1374 4.
676 1331 698 1386 2)
715 1327 741 1371 ad
757 1328 900 1371 ministerium
916 1342 1000 1371 sacrum

105 1403 193 1448 admissi
208 1406 265 1448 sunt.
291 1401 382 1458 Expleto
399 1416 456 1444 anno
472 1401 650 1458 quinquagesimo
664 1401 751 1445 Levitae
762 1417 774 1444 a
784 1401 921 1459 gravioribus
937 1401 1000 1444 labo-

101 1477 162 1538 ribus
178 1475 272 1532 exempti
295 1475 321 1518 ad
337 1490 401 1532 opera
416 1476 487 1533 inagis
503 1475 621 1519 honorifica
637 1475 796 1519 adhibebantur
812 1474 1000 1535 (88888812.

106 1580 108 1583 ’
169 1576 302 1616 ¹Seeundum
323 1577 388 1616 locum
410 1576 449 1615 Nm
461 1583 481 1626 8,
494 1582 521 1618 24
542 1577 622 1617 Levitae
643 1577 668 1616 ab
689 1589 740 1616 anno
762 1576 857 1616 vicesimo
880 1576 954 1627 quinto
976 1576 1000 1615 ad

102 1637 242 1693 ministerium
264 1650 343 1677 sacrum
364 1637 449 1677 admissi
464 1639 518 1678 sunt.
551 1638 620 1678 Graeci
635 1638 717 1689 quidem
733 1637 871 1684 Alexandrini,
893 1650 919 1677 88
935 1637 1000 1678 Moses

102 1714 116 1739 a
132 1712 153 1739 se
170 1698 277 1738 dissentire
293 1698 402 1747 videretur,
419 1699 479 1739 etiam
491 1698 530 1737 Nm
542 1704 561 1747 4,
574 1705 585 1740 3
598 1711 623 1738 ss.
635 1700 750 1749 posuerunt
765 1696 805 1741 ἀπὸ
817 1696 881 1740 εἴκοσι
891 1699 926 1742 aut
942 1701 1000 1742 πέντε

105 1758 159 1803 ἑτῶν.
193 1759 231 1800 Sed
247 1772 293 1799 cum
309 1759 371 1799 codex
388 1759 524 1800 Samaritanus
547 1762 568 1800 et
584 1772 654 1799 ornnes
669 1760 792 1810 interpretes
808 1758 889 1809 antiqui
905 1772 952 1799 cum
969 1772 1000 1799 co-

105 1821 148 1861 dice
164 1820 296 1860 masorethico
312 1819 443 1868 consentiant,
460 1820 545 1859 dubium
561 1820 595 1862 uix
611 1822 647 1869 est,
671 1821 722 1872 quin
738 1820 808 1860 Graeci
824 1820 959 1859 Alexandrini
975 1822 1001 1860 ad

104 1881 214 1923 arbitrium
230 1889 329 1921 annorum
345 1893 453 1921 numerum
468 1883 576 1921 mutarent.
598 1882 663 1928 Quare
679 1881 774 1921 nonnulli
791 1881 909 1921 existimant
919 1882 1001 1921 Levitas

105 1942 180 1995 viginti
196 1942 287 1993 quinque
309 1954 372 1981 annes
392 1943 450 1982 natos
466 1942 492 1981 ad
507 1941 598 1982 faciliora
614 1942 696 1994 quidem
713 1940 827 1982 ministeria
843 1941 948 1992 admissos,
966 1943 1001 1982 sed

105 2017 146 2043 non
162 2005 209 2043 ante
225 2003 350 2044 tricesimum
361 2016 437 2042 annum
453 2003 478 2042 ad
488 2003 611 2055 portandum
622 2003 724 2044 adhibitos
740 2016 789 2051 esse,
806 2003 862 2054 quod
875 2004 1001 2043 sarcinarum

103 2063 219 2116 deportatio
236 2064 308 2104 aetatis
329 2064 399 2103 firmae
422 2077 444 2103 ac
459 2064 554 2104 robustae
575 2066 633 2104 esset.
665 2065 720 2111 Quae
737 2064 843 2115 explicatio
859 2077 882 2103 8ο
900 2077 1000 2105 commen-

102 2126 171 2173 datur,
189 2125 293 2176 quadres
309 2124 373 2165 David
388 2125 399 2163 Ι
415 2124 453 2164 car
466 2131 500 2175 23,
513 2130 601 2167 24-26
618 2125 698 2165 benitas
714 2125 755 2164 iam
770 2139 782 2164 a
798 2125 872 2177 viginti
890 2126 949 2165 annis
965 2127 1001 2165 01-

105 2186 184 2238 ligavit,
205 2189 230 2226 ut
246 2198 306 2236 opera
321 2185 429 2225 ministerii
445 2186 516 2225 domus
531 2186 608 2226 Jahvae
624 2187 717 2233 facerent,
739 2198 785 2225 cum
801 2186 878 2226 diceret
894 2200 961 2238 neque
977 2187 1001 2227 iis

105 2247 144 2286 iam
161 2258 224 2299 grave
244 2246 381 2287 ministerium
402 2246 527 2286 tabernaculi
544 2246 630 2287 foederis
646 2259 691 2286 cum
714 2246 808 2287 omnibus
825 2247 878 2287 vasis
895 2248 939 2288 eius
956 2261 1001 2298 por-

104 2308 161 2347 tandi
176 2307 322 2359 praestandum
343 2320 385 2347 esse
407 2309 427 2347 et
443 2307 637 2360 magnificentiorem
654 2308 732 2347 cultum
753 2308 847 2348 divinum
863 2309 946 2348 maioris
962 2322 1000 2349 nu·

103 2369 156 2408 meri
172 2369 289 2408 Levitarum
304 2368 401 2420 indigere.
432 2368 484 2408 Aliis
501 2370 569 2409 autem
585 2382 631 2409 vero
648 2369 732 2420 propius
748 2368 829 2409 videtur
845 2370 926 2410 Levitas
943 2384 954 2409 a
970 2370 1000 2410 vi-

105 2430 178 2469 cesimo
195 2430 266 2480 quinto
290 2429 361 2469 aetatis
384 2442 436 2468 anno
459 2443 494 2481 per
515 2429 679 2481 quinquennium
699 2430 799 2479 didicisse,
816 2443 867 2481 qnae
884 2431 1001 2471 Levitarum

102 2493 173 2531 essent
187 2490 306 2537 ministeria,
323 2491 384 2541 atque
400 2492 446 2542 post
461 2490 483 2531 id
499 2491 523 2529 ad
539 2491 583 2543 ipsa
598 2490 712 2530 ministeria
728 2490 825 2531 admissos
842 2504 891 2533 esse.

169 2587 255 2627 2auam
270 2588 283 2627 J
289 2588 404 2639 asephus
420 2588 459 2627 Α]
471 2594 537 2636 811.
552 2596 562 2631 7
580 2588 688 2628 memmiae
703 2588 773 2640 prodit
783 2589 847 2629 David
863 2589 944 2629 Levitas
960 2586 1001 2636 ἕως

105 2652 230 2706 πεντήκοντα
245 2639 368 2690 numerasse.
400 2648 427 2689 Cf.
444 2649 595 2689 adnotationem
608 2649 629 2690 a.
647 2650 808 2690 Bartenorae
829 2650 854 2689 ad
875 2650 901 2692 Μ,
918 2649 1001 2689 chullin

105 2717 126 2757 1,
139 2716 151 2752 6
168 2711 189 2748 et
204 2710 275 2762 Babyl.
293 2710 373 2750 Chullin
391 2713 442 2751 242.

166 2840 201 2884 ΙΙ.
233 2839 312 2883 Levitis
329 2839 355 2883 ad
371 2839 429 2883 varia
445 2839 562 2884 ministeria
582 2841 606 2884 in
621 2840 760 2884 tabernaculo
781 2839 872 2883 foederis
888 2843 910 2883 et
925 2842 1001 2896 postea

103 2911 129 2953 in
145 2913 225 2969 templo
242 2913 313 2956 servi
329 2913 416 2971 quidam
427 2913 495 2957 additi
507 2917 564 2967 sunt,
580 2914 712 2959 nouaclum
728 2914 750 2967 ii,
766 2914 803 2970 qui
819 2913 891 2970 aliquo
908 2928 946 2956 suo
964 2916 1002 2956 aut

104 2987 219 3039 parentum
235 2988 272 3030 aut
283 2986 420 3030 dominorum
431 2990 483 3031 voto
499 2987 538 3030 tali
554 2987 640 3031 servitio
656 2987 815 3040 addicebantur,
832 2985 869 3029 sed
885 2985 951 3029 etiam
967 2986 1001 3029 in-

103 3057 164 3100 colae
179 3059 264 3102 urbium
276 3059 364 3112 61118811,
376 3059 454 3106 Kefira.
466 3060 565 3115 Beemth,
582 3060 770 3118 Kirjath-Jearim,
787 3059 825 3117 qui
840 3058 868 3101 ad
883 3057 1002 3103 humiliora

103 3131 192 3173 sacrarii
207 3132 331 3186 ministeria,
349 3133 450 3176 velutad
466 3148 532 3190 aquas
548 3136 569 3177 et
585 3134 646 3190 ligna
662 3134 689 3177 ad
705 3132 807 3176 sacrificia
819 3134 979 3189 comportanda
987 3137 1002 3186 ¹,
