2147 3361
434 144 554 180 Vestimenta
567 142 664 190 poniiliois
955 144 996 188 199

105 281 190 323 videtur.
220 276 282 317 Volui
298 274 329 313 Ex
347 277 381 319 33,
399 276 482 319 8-13,
503 269 541 309 ubi
557 269 665 320 descripiio
686 267 799 308 ornamenti
816 265 925 318 pocioralis
942 279 996 318 repe-

104 344 161 388 iiiur,
178 337 211 377 sed
227 336 285 375 nulla
302 334 327 373 de
345 332 401 371 Urim
417 333 437 370 ei
453 330 555 370 Tumminr
572 329 647 369 meniio
663 329 696 378 fii3
712 329 740 369 Lv
758 335 776 377 3,
796 335 822 377 8„
839 327 876 368 ubi
892 328 955 367 liloses
972 327 995 367 de

105 402 161 442 Urim
177 401 196 437 ei
212 395 314 436 'lummim
331 393 386 440 dicii,
408 391 442 431 sed
458 392 481 430 de
497 390 601 440 lapidibus
619 390 671 429 silei.
701 390 730 429 Ex
746 390 844 441 opinione
865 401 940 436 eorum,
961 388 996 439 qui

105 465 155 503 hunc
177 456 297 498 sementiam
321 455 398 502 ieneni,
421 453 481 492 verba
501 451 560 483 Diffi
574 451 628 483 &iiii
648 451 743 491 verienda
765 453 817 490 suni
839 451 931 501 splendor
949 461 996 499 por-

105 521 225 575 fictissbnns.

165 624 185 682 si)
201 621 261 665 Urim
277 622 299 663 ei
316 618 425 662 Tummim
441 618 497 661 idem
516 617 585 660 fuisse
602 632 626 660 ao
641 616 746 672 ieraphim
762 617 774 659 i
792 633 809 660 e.
827 619 884 661 clocas
899 618 995 672 lampern-

106 698 164 741 culos
180 696 270 738 diversas
287 693 341 752 (sive
357 691 423 750 idola)
439 691 495 734 inier
511 689 621 746 duplicem
632 689 752 732 ornamenii
767 690 884 747 pecioralis
899 706 996 746 pannum

105 770 199 819 inserias,
216 779 306 822 querum
323 779 368 806 una
384 762 502 807 docirinam
519 760 624 804 diviniius
640 761 767 817 puiefaciarn
783 762 829 806 sive
845 763 995 807 revelaiionem

106 841 190 902 (Urim),
211 839 276 881 aliern
291 836 407 880 veriiaiem
423 834 548 896 (Turum)
566 833 683 891 symbolice
699 837 868 890 repraeseniarei
878 840 891 888 1,
911 836 995 893 quidam

105 929 131 958 ex
146 914 190 956 Hos
205 916 224 963 3,
241 915 255 957 4
275 909 420 962 conieceruni,
441 909 477 952 ubi
498 907 571 965 ephod
593 910 614 950 ei
634 907 744 964 teraphim,
766 907 826 965 quod
846 923 885 965 pro
901 909 961 952 Urim
976 911 997 952 ei

105 984 211 1029 'luminim
231 982 295 1026 scribi
311 989 405 1034 censent,
426 981 488 1025 simul
503 981 579 1024 iuncia
595 980 734 1037 reperiuniur.
765 980 848 1023 Verum
864 981 917 1024 ialia
932 982 997 1024 simu-

105 1060 162 1102 lnora
182 1070 248 1113 neque
269 1054 372 1113 religioni
387 1054 490 1098 blosaioae
506 1057 527 1097 ei
543 1053 651 1111 imprimis
671 1056 787 1110 praecepio,
809 1053 868 1110 quod
889 1054 997 1111 legislaior

105 1132 137 1174 Ex
153 1133 218 1182 20,4
238 1128 305 1181 dedii,
334 1128 446 1171 convenire
466 1127 568 1171 videniur
588 1142 658 1184 neque
678 1127 783 1170 senieniia
805 1126 844 1169 illa
864 1127 913 1190 lopo
933 1127 996 1170 allaio

106 1202 227 1247 confirmari
241 1203 318 1257 poiesi,
340 1201 378 1244 ubi
393 1204 450 1244 vaies
466 1200 488 1244 id
504 1201 577 1244 solum
598 1200 693 1243 affirmai
708 1214 754 1243 eam
769 1198 817 1242 fore
839 1200 913 1256 populi
928 1200 995 1244 lsrae-

105 1276 161 1319 iiiioi
177 1274 330 1327 condicionem,
346 1276 373 1317 ui
387 1274 471 1317 nullum
483 1274 573 1317 omnino
586 1274 668 1316 oulium
679 1273 781 1325 divinum,
798 1287 870 1330 neque
880 1274 926 1330 lege
937 1289 996 1330 prae-

106 1348 208 1404 scripium
222 1361 292 1405 neque
309 1347 366 1403 apud
383 1346 435 1390 alias
450 1350 525 1405 genios
541 1347 683 1390 exerciiaiunr
697 1345 788 1390 haberoi.

169 1448 268 1496 lPhilo,
284 1449 314 1488 De
329 1449 372 1488 viia
387 1448 446 1488 blesis
462 1449 474 1488 l.
486 1455 504 1491 3.
519 1461 566 1499 opp,
577 1448 603 1496 II,
622 1454 675 1489 152:
692 1443 720 1490 Tb
737 1447 758 1489 δὲ
776 1448 858 1501 λογεῖον
874 1451 996 1504 τετράγωνον

106 1509 188 1551 διπλοῦν
203 1511 363 1557 κατεσκευάζετο
381 1508 451 1552 ὡσανεὶ
463 1511 527 1565 silure,
543 1506 578 1550 ἵνα
589 1509 625 1552 ooo
636 1506 710 1565 ἀρετὰς
720 1507 894 1566 ἀγαλματοφορῇ,
912 1510 997 1567 bolionii)

106 1587 126 1612 τε
142 1571 176 1611 καὶ
191 1568 299 1628 ἀλήθειαν.
353 1576 355 1579 ’

166 1689 186 1747 γ)
206 1687 254 1739 Alii,
275 1687 403 1744 praeseriim
423 1688 507 1732 rabbini
528 1690 550 1731 ei
571 1687 713 1739 kalobalisioe,
739 1687 875 1730 arbiiraniur
896 1687 955 1731 Urim
977 1690 997 1731 ei

106 1760 212 1802 ‘lummim
232 1760 296 1803 fuisse
321 1762 452 1817 scripturam
477 1761 510 1804 vel
536 1763 671 1817 scrrlplorcro
692 1749 787 1803 'alcinous
815 1769 996 1822 cerpuspuppo'noo

106 1833 192 1892 (dibeo
208 1832 252 1894 flii),
274 1834 308 1877 cui
325 1836 395 1877 coriae
411 1835 513 1891 quaedam
529 1834 683 1891 explicationes
699 1833 811 1877 adiunciae
828 1834 926 1887 fuisseni,
946 1850 998 1892 quae

106 1908 128 1948 ei
146 1906 203 1962 ipsae
223 1906 314 1950 luisseni
337 1907 427 1951 nomina
447 1907 529 1959 divina3
557 1907 633 1950 Mosen
654 1912 724 1951 auiem
746 1922 780 1951 eas
801 1907 837 1951 vel
859 1925 871 1950 a
891 1908 929 1952 deo
952 1908 996 1965 ipso

106 1978 193 2036 scripias
212 1981 245 2024 vel
264 1980 373 2036 lapidibus
394 1979 510 2038 insculpias
531 1981 636 2038 accepisse
656 1980 689 2024 vel
708 1981 778 2037 ipsum
800 1995 827 2023 ex
849 1980 921 2024 divina
941 1996 998 2024 reve-

105 2051 186 2096 loiione
201 2054 308 2110 scripsisse
326 2054 507 2112 duplioaiionique
524 2054 649 2098 ornamenii
665 2054 776 2110 pecierulis
793 2054 913 2100 inseruisse.
935 2053 997 2097 Cuius

106 2126 200 2169 nominis
211 2127 232 2170 vi
241 2126 324 2170 liiieras
336 2127 447 2170 duodecim
457 2127 552 2171 iribuum
564 2127 671 2183 lapidibus
682 2127 800 2183 insculpias
812 2127 846 2169 vel
857 2127 997 2182 prominuisse

106 2196 140 2240 vel
156 2212 177 2240 se
193 2200 329 2243 coniunxisse
351 2200 489 2251 uenienduni,
509 2200 539 2243 iia
559 2202 585 2243 ui
606 2199 703 2256 pontifex
719 2215 744 2243 ex
760 2199 805 2242 illis
827 2214 953 2256 responsum
968 2199 998 2243 di-

105 2270 181 2313 uinum
198 2272 337 2316 concinnasse
353 2275 431 2329 possei,
458 2272 514 2326 Quae
530 2277 607 2317 iumen
623 2273 734 2324 senieniia,
751 2288 800 2316 cum
818 2288 831 2315 a
848 2287 897 2316 vero
913 2288 997 2330 prorsus

107 2340 224 2397 abhorreai,
241 2346 267 2389 ab
284 2339 433 2404 archoeologis
450 2346 577 2390 Chrisiianis
593 2345 704 2391 reluiaiur.

167 2415 240 2474 Neque
255 2418 337 2461 maiore
353 2418 396 2461 fide
412 2419 476 2475 digna
492 2421 523 2462 esi
539 2433 616 2463 eorum
633 2418 711 2475 opinio,
728 2419 765 2476 qui
780 2419 829 2475 ipsa
845 2418 897 2462 haec
913 2419 998 2462 nominc

112 2486 172 2531 biara
187 2497 205 2533 ci
219 2491 325 2534 Panaca
342 2492 421 2548 scripio
436 2492 499 2536 fuisse
514 2491 638 2548 perhibeni,
655 2491 825 2549 inquinemus,
843 2492 928 2549 quando
943 2506 996 2548 pon-

106 2559 160 2603 iii'es
180 2562 271 2618 primurn
291 2564 417 2620 inspexerai
432 2564 497 2618 lirim,
513 2565 606 2620 Hiberae,
628 2565 731 2622 equibus
751 2580 881 2621 responsum
902 2564 997 2607 divinum

107 2635 224 2689 constabili,
239 2636 346 2688 luxerini3
368 2637 404 2680 sed
423 2639 524 2696 quonism
546 2638 672 2682 eoniunoiio
692 2639 778 2682 illarum
799 2640 920 2681 liiierarurn
941 2637 997 2681 vorie

106 2705 152 2749 fieri
167 2711 255 2764 poierai,
272 2725 321 2753 eum
338 2712 412 2766 posiea
428 2711 517 2755 oliorum
532 2725 617 2755 nomen
628 2710 734 2755 Tummim
750 2710 875 2768 inspexisse,
891 2725 933 2766 quo
949 2709 998 2753 illae

106 2777 189 2823 liiierac
205 2782 373 2839 explanareniur
389 2787 410 2828 ei
426 2799 474 2828 vern
488 2785 542 2828 roiio
560 2799 597 2827 eas
613 2786 669 2828 recie
684 2784 827 2842 componendi
845 2783 962 2829 [locereiur.

167 2891 186 2949 δ)
202 2891 246 2935 Alii
261 2893 388 2937 exisiimani
398 2893 460 2937 Urim
475 2896 495 2937 ei
506 2893 617 2942 Tummim
632 2893 697 2937 luisse
712 2894 796 2950 lapillos
811 2892 846 2935 vel
860 2906 954 2949 perornes
970 2894 998 2936 orl

106 2964 233 3020 sororepuon
249 2967 373 3019 (lecticulae,
390 2981 443 3023 quae
458 2967 566 3011 senieniia
582 2966 640 3010 varie
656 2966 765 3023 proposiia
781 2969 818 3009 esi.
850 2965 920 3022 Aique
936 2965 998 3021 pleri-

107 3047 148 3089 que
168 3038 210 3080 ires
231 3041 297 3082 sories
317 3040 344 3082 ab
366 3040 517 3097 aniiquissimis
538 3040 673 3095 iemporibus
689 3039 743 3096 apud
758 3039 867 3082 Hebraeos
884 3042 999 3083 asservatas

106 3104 241 3168 inielleguni,
262 3128 354 3170 quarum
371 3127 415 3155 una
429 3113 557 3165 affirmandi,
579 3113 647 3156 aliern
662 3112 760 3171 negandi,
781 3111 847 3154 ieriia
862 3111 887 3154 in
902 3113 999 3156 neuiram

105 3183 190 3236 pnriem
203 3184 313 3229 decidendi
328 3186 375 3229 vim
391 3185 482 3232 haberer.
509 3186 550 3229 llas
567 3188 636 3231 sorios
651 3185 784 3241 poiissimum
800 3184 826 3227 in
843 3184 913 3228 causis
929 3185 999 3229 foren-
