2218 3388
136 134 183 178 202
432 129 477 166 Pars
489 130 503 165 l.
526 129 659 177 Antiquitates
673 141 735 167 sacrae

137 255 196 304 sunt,
212 255 324 299 monstrat.
350 252 419 310 Atque
435 254 457 296 in
473 253 620 297 monumentis
637 252 791 310 sepulcralibus
802 252 956 311 Aegyptiorum
970 268 1033 296 com-

136 326 201 382 plura
217 326 331 369 simulacra
346 326 434 370 inventa
450 330 507 379 suut,
524 341 578 383 quae
591 326 697 379 homiues,
714 327 752 382 qui
762 327 815 370 clim
826 342 908 397 summo
919 326 1032 370 indicandi

137 413 227 442 munere
243 398 396 457 fungebantur,
416 398 539 455 exprimunt
554 402 576 443 et
591 415 681 456 parumn
697 400 815 457 imaginem
831 399 880 443 deae
897 400 991 444 veritatis
1007 403 1035 443 et¹

136 472 361 533 11111111111111111111,
377 486 425 515 cum
440 472 529 516 articulo
545 479 591 517 rara
608 494 637 511 =
654 473 739 533 veritas)
756 473 789 516 vel
800 473 870 516 illo‘ot
886 472 954 532 (abab,
971 473 1034 530 quod,

137 541 352 590 nonen'secundun
371 546 427 603 leges
446 560 546 589 sonorum
567 561 594 589 ex
611 546 702 598 11111111
722 546 786 604 idque
807 561 832 589 ex
848 546 936 597 allatret
957 551 1030 590 ortum

137 619 179 678 est)
196 635 206 662 e
223 619 278 662 collo
295 619 422 676 pendentem
439 622 524 676 gestant
543 619 571 679 (J.
589 619 701 673 Ruselliui,
721 620 733 663 l
748 621 884 664 monumenti
900 620 946 663 11111
953 620 1033 679 Egitto

137 708 149 736 e
160 692 217 736 della
229 692 302 736 Nubia
311 692 339 745 ll,
351 697 371 746 3,
383 693 440 753 500).
471 692 558 736 Nomen
574 693 712 737 autemlbce
723 709 772 737 cunr
783 693 886 737 Hebraico
903 697 951 731 *tw
968 709 1029 738 com-

136 765 258 823 parandum
276 780 319 809 esse
331 765 411 809 [licitur.
437 765 493 809 Hinc
508 765 571 810 etiam
589 766 672 816 factum
688 781 738 819 esse,
755 767 811 824 quod
824 767 881 809 LXX
897 768 1033 824 interpretes„

136 839 238 883 homines
254 839 401 894 Alexandrini,
422 839 453 881 Ex
469 843 504 891 28,
521 843 550 887 30
567 840 621 900 (26).
643 839 674 883 Lx
691 845 710 892 8,
728 845 747 887 8.
768 840 798 883 Dt
814 844 878 897 33,8
900 845 948 877 ΜΠ
965 856 1030 884 voca-

137 912 190 955 bulo
208 914 301 974 ἀλήθεια
316 914 430 956 verterunt.

200 1027 227 1066 At
243 1027 333 1078 primum
349 1024 496 1078 respiciendum
512 1029 543 1068 est
559 1028 686 1079 antiquiores
702 1040 771 1066 rerum
782 1027 888 1078 scriptores
899 1025 1033 1082 1118111111--

137 1088 263 1136 niathonern,
280 1089 426 1136 Manethonem,
443 1084 576 1144 Herodotum)
595 1089 619 1128 de
635 1088 670 1128 illo
686 1088 788 1139 pontificis
804 1088 910 1128 simulacro
926 1089 1034 1140 sappirino

137 1148 191 1188 nihil
207 1150 315 1189 memoriae
331 1149 442 1191 tradidisse.
464 1149 492 1189 Er
505 1163 575 1189 eorum
586 1152 656 1191 autem
668 1149 747 1189 silentio
759 1149 893 1200 colligendum
904 1162 946 1189 esse
958 1162 1028 1190 censeo

137 1209 191 1249 illud
208 1210 331 1250 sacerdotale
347 1211 486 1250 ornamentum
502 1211 621 1262 posterioris
637 1210 701 1250 fuisse
715 1209 793 1258 aetatis,
810 1223 856 1250 cum
867 1210 961 1262 Aegyptii
972 1211 1034 1251 rudi--

136 1273 203 1310 tatem
213 1283 294 1311 morum
302 1273 323 1311 et
330 1271 478 1312 venerationem
486 1271 608 1319 animorum,
620 1284 672 1322 quae
680 1270 807 1323 temporibus
816 1270 875 1311 llosis
883 1271 953 1318 fuerat,
963 1272 1034 1312 multo

137 1333 277 1383 superassent.
304 1332 327 1371 ld
338 1345 417 1383 quoque
433 1332 605 1384 praetereundum
615 1345 657 1372 nen
668 1334 700 1372 est
711 1332 772 1372 etiam
787 1331 903 1372 testimonie
914 1345 936 1371 ex
947 1333 1029 1383 scriptis

137 1392 219 1432 Aeliani
235 1394 256 1432 11
271 1393 354 1433 Diodori
369 1392 431 1432 Siculi
447 1393 506 1432 allata
520 1394 575 1433 inter
589 1406 614 1432 se
630 1404 730 1446 pugnare,
752 1406 798 1432 cum
813 1393 845 1432 bio
860 1393 911 1432 illud
926 1394 1028 1444 pontificis

136 1454 236 1506 Aegyptii
252 1457 393 1494 ornamentum
403 1467 426 1493 ex
438 1454 575 1506 compluribus
587 1457 609 1493 et
619 1454 682 1494 uariis
698 1454 800 1505 lapidibus
817 1450 896 1509 (ζῴδιον
911 1455 1033 1497 uariaretur·

137 1510 221 1569 λίθων),
238 1514 273 1554 1111
283 1527 330 1555 uero
342 1528 366 1554 ex
376 1516 435 1554 unica
450 1528 528 1567 gemma
545 1513 642 1572 (ἄγαλμα
659 1513 683 1557 ἐν.
700 1517 811 1571 οοπφείρου
828 1511 898 1571 λίθου)
915 1515 1032 1554 confectum.

137 1588 180 1615 esse
197 1575 290 1616 affirmet.

199 1649 277 1688 Deinde
294 1649 335 1689 eius
351 1650 380 1689 rei
396 1650 494 1691 rationem
511 1649 581 1690 haberi
598 1650 686 1701 oportet,
704 1649 757 1700 quod
774 1649 878 1688 oraculum
894 1662 970 1689 sacrum
988 1649 1032 1690 He-v

136 1710 243 1750 bracarum
259 1712 279 1750 et
295 1710 330 1750 illa
346 1710 437 1751 veritatis
452 1710 518 1763 imago
534 1710 686 1762 Aegyptiorum
702 1723 734 1749 res
754 1710 813 1761 plane
830 1709 918 1749 diversae
938 1710 1027 1752 fuerunt.

136 1771 193 1810 illud
210 1771 264 1812 enim
281 1772 335 1811 inter
350 1770 448 1822 duplicem
465 1771 578 1811 ornamenti
594 1770 702 1822 pectoralis
723 1784 812 1822 pannum
829 1770 958 1818 inserebatur,
980 1773 1032 1814 haee

137 1847 148 1872 e
160 1832 271 1872 sacerdotis
283 1832 333 1872 collo
345 1832 445 1883 pendebat
455 1834 515 1883 atque
527 1832 620 1872 omnium
636 1832 701 1873 oculis
718 1832 809 1882 expositu
819 1833 871 1878 erat3
888 1831 922 1871 illo
938 1833 1028 1883 pontifex

137 1893 194 1932 solus
216 1894 333 1940 ornabatur,
356 1893 404 1933 haec
424 1906 465 1933 non
485 1894 543 1933 modo
564 1894 641 1933 summi
658 1893 768 1932 sacerdotis
784 1894 805 1931 et
820 1892 916 1942 praesidis
932 1893 1028 1944 iudicum,

135 1967 209 1994 uerum
230 1955 291 1994 etiam
313 1954 401 1995 cuiusvis
421 1954 493 1994 iudicis
514 1954 594 2006 insigne
615 1953 736 2001 habebatur,
759 1965 799 2004 quo
820 1965 863 1991 curn
880 1953 939 1993 iudex
955 1954 979 1993 ad
995 1955 1032 1997 ius

135 2015 264 2054 reddendum
285 2017 329 2054 tum
351 2014 441 2055 homines
457 2015 560 2066 litigantes
578 2014 604 2055 ad
620 2027 692 2054 verum
709 2014 816 2053 dicendum
833 2014 890 2065 quasi
905 2020 1033 2057 sternuente

136 2076 226 2127 quodam
248 2076 381 2128 adigerentur.
413 2076 529 2116 Pertinebat
549 2076 615 2127 igitur
631 2076 757 2127 Aegyptium
773 2074 824 2114 illud
839 2075 917 2126 insigne
933 2076 958 2114 ad
973 2077 1028 2117 iudi-

136 2136 225 2177 candum
236 2136 309 2188 ipsum,
327 2149 371 2176 cum
383 2136 438 2176 Urim
450 2138 470 2177 et
480 2137 576 2176 Tummim
593 2137 678 2187 signum
693 2135 785 2175 muneris
801 2135 879 2183 iudicis,
896 2136 949 2187 quod
964 2137 1028 2179 latius

135 2198 227 2248 patebat,
244 2200 316 2246 essent,
333 2198 406 2248 quibus
423 2197 517 2248 pontifici,
538 2198 722 2249 quotienscumque
744 2209 775 2236 res
792 2196 883 2236 difficiles
899 2199 919 2237 et
937 2211 1027 2251 magnas,

135 2257 234 2310 imprimis
246 2271 284 2306 eas,
302 2272 352 2309 qnae
363 2259 429 2300 totum
440 2260 537 2311 populum
549 2259 677 2309 spectabant,
689 2257 818 2306 diiudicabat,
830 2257 925 2297 nuntium
936 2258 1031 2300 diuinum¹

136 2314 191 2359 certe
211 2320 374 2371 promittebatur.
406 2320 476 2370 ltaque
497 2318 583 2377 ἄγαλμα
599 2320 634 2360 vel
657 2319 733 2374 ζῴδιον,
755 2318 809 2369 quod
824 2318 913 2369 pontifex
929 2322 1027 2362 maximus

135 2381 292 2433 Aegyptiorum,
313 2380 370 2420 cuius
390 2385 432 2419 erat
452 2380 483 2420 ius
499 2381 569 2427 dicere,
594 2381 648 2420 circa
664 2380 740 2419 collum
756 2380 854 2432 gestabat,
876 2380 930 2420 aliud
946 2395 1029 2433 quoque

135 2443 215 2493 spectat
235 2443 296 2492 atque
317 2441 372 2480 Urim
395 2444 414 2480 et
430 2441 538 2488 Turnmirn;
559 2453 627 2491 neque
648 2440 703 2480 enirn
724 2440 859 2480 demonstrari
878 2443 945 2491 potest
965 2443 985 2483 id
1006 2444 1030 2483 in

135 2515 177 2543 usu
193 2503 343 2554 Aegyptiorum
358 2501 428 2549 fuisse,
444 2505 468 2541 ut
484 2513 506 2541 eo
523 2503 572 2541 deus
589 2502 738 2542 consuleretur.

199 2575 251 2614 Tum
267 2574 415 2626 respiciendum
431 2576 461 2614 est
473 2576 593 2615 vocabulum
604 2574 729 2615 Hebraicum
746 2576 795 2607 niba
812 2577 832 2614 et
848 2575 991 2627 significatione
1008 2582 1032 2620 et>⁴

135 2648 223 2676 numero
240 2636 265 2674 ab
281 2636 366 2686 antiquo
382 2635 417 2675 illo
433 2636 518 2684 nornine,
536 2649 575 2687 quo
592 2635 696 2686 pontilicis
713 2636 809 2689 Aegyptii
825 2636 952 2676 simulacrum
968 2651 1027 2679 voca-

134 2697 203 2746 batur,
221 2696 324 2740 dissidere.
356 2697 407 2735 Nam
422 2696 521 2736 'tummim
538 2697 670 2747 perfectiones
692 2698 724 2737 vel
745 2694 799 2754 (curn
818 2697 901 2747 pluralis
917 2698 1027 2740 Hebraicus

134 2757 240 2797 interdum
261 2771 315 2797 mere
336 2757 449 2796 intensivus
469 2755 504 2812 sit)
523 2759 662 2808 perfectionem
684 2758 790 2809 significat,
812 2757 903 2815 ἀλήθεια
923 2761 1027 2810 ueritatem,

135 2818 191 2869 quod
207 2819 329 2858 vocabulum
342 2818 439 2857 Hebraico
455 2819 496 2862 11111
512 2819 632 2870 respondem
649 2818 702 2858 illud
717 2819 835 2859 vocabulum
850 2819 928 2859 numeri
944 2822 1032 2871 pluralis>

135 2881 173 2927 est,
191 2879 228 2918 lroc
244 2880 360 2931 singularis.
392 2877 414 2917 ld
431 2892 510 2930 quoque
526 2879 677 2919 observandum
694 2882 725 2920 est
741 2894 840 2932 gemmam
856 2880 910 2919 illam
927 2883 1027 2932 pontificis

134 2941 284 2992 Aegyptiorum
306 2939 408 2999 ἀληθειαν
429 2940 549 2991 appellatam
570 2953 618 2989 esse,
641 2941 690 2990 quia
710 2941 731 2980 id
752 2954 826 2981 nornen
842 2941 859 2979 ei
880 2941 1031 2994 hieroglyphice.

134 3001 263 3053 insculptum
280 3003 328 3041 erat.
360 3000 417 3057 Quod
433 3014 455 3041 ex
471 3001 537 3040 vertris
554 3002 634 3041 Aeliani
651 2998 667 3055 (i
690 2998 713 3055 c.)
731 3001 823 3054 apparet:
846 2997 898 3055 Ἐγὼ
915 3003 936 3044 δὲ
951 3003 1028 3062 ἠξίουν,

136 3064 165 3119 μὴ
183 3061 247 3104 λίθοι)
264 3064 399 3119 πεποιημένην
411 3063 444 3104 uui
458 3058 578 3120 εἰκασμένην
590 3065 626 3119 την
639 3061 741 3119 ἀληθειαν
758 3065 870 3119 περιφέρειν
881 3065 914 3105 τὸν
926 3064 1032 3123 truaoutp,
1094 3102 1095 3105 ,

134 3119 187 3165 ἀλλ’
204 3120 225 3165 ἐν
242 3120 294 3179 pipp
310 3130 335 3179 τη
352 3126 407 3180 pum]
423 3122 477 3180 ἔχειν
493 3119 560 3180 abripi.
593 3124 697 3163 'l'ummim
714 3125 782 3163 autem
798 3123 828 3163 ita
844 3123 897 3163 dicta
912 3138 960 3174 esse,
980 3128 1028 3178 quia

135 3184 158 3223 id
174 3196 250 3223 nomen
266 3184 326 3223 alicui
343 3197 432 3236 gemmae
448 3184 572 3236 insculptum
585 3187 634 3233 erat,
652 3180 843 3235 quemadmodum
855 3185 938 3226 laminae
950 3201 1032 3238 aureae..
