2147 3361
447 84 514 121 Officia
526 86 633 123 heritarum
942 85 985 131 165

91 213 150 255 'Urim
171 212 192 250 et
208 211 314 259 Tummim,
336 211 404 250 oleum
424 211 530 252 unctionis
551 209 630 269 (Babyl.
647 212 705 253 Joma
721 225 735 252 c.
754 219 777 254 1:
797 206 878 267 nubes),
899 209 984 261 spiritus

92 273 195 316 ,sanctuar

158 371 204 409 2u1.
219 369 302 422 Megillo
320 375 337 419 1,
356 375 380 411 9:
401 368 446 408 Non
467 373 493 408 cst
514 369 627 418 differentia
646 371 697 410 iuter
717 371 835 410 sacerdotem
851 373 930 409 rmctmn
946 368 985 407 olco

92 432 191 476 motionis
201 435 218 470 ct
229 430 345 481 praeditam
360 430 484 481 uestimentis,
503 430 550 480 „qui
561 433 604 470 erat
614 431 705 471 sacerdos
716 431 787 482 templi
797 430 886 478 secundi,
904 428 984 481 quando

95 508 135 536 non
156 492 257 532 habebant
277 491 344 531 oleum
364 489 473 538 unctionis,
495 490 529 530 sed
550 504 639 531 summus
656 492 745 532 sacerdos
761 492 846 532 indutus
862 493 905 531 erat
921 490 984 530 vesti-

92 554 169 598 mentis
185 553 328 603 pontificatus“
345 547 499 608 (Maimonides).

155 626 229 665 Contra
239 638 263 664 ex
274 624 370 676 opinione
381 624 527 664 nonnullorum
542 626 622 676 patrum
638 626 708 665 unctio
725 638 849 665 summorum
864 625 984 677 pontificma

90 692 139 729 >tum
155 687 237 725 demum
253 685 317 733 desiit,
341 698 387 725 cum
404 684 501 733 Christus,
522 698 581 726 verus
597 685 691 737 pontifex,
712 687 734 726 in
749 687 803 726 terra
824 686 924 737 apparuit.
956 685 983 726 cf.

91 746 254 789 ‘Tertulliam
276 745 326 786 Adv.
347 745 395 786 Jud.
415 758 430 785 c.
448 751 466 789 8.
489 745 549 785 MSL
570 753 588 794 2,
607 753 655 788 616.
677 747 808 798 chrysost.
829 746 882 788 Orat.
904 753 922 789 5.
939 746 983 787 adv.

91 810 142 850 auu.
159 805 170 862 g
188 813 207 849 e.
228 807 289 847 1188
306 813 339 855 48,
359 812 407 850 888.

157 907 165 932 ³
177 904 328 945 Abarbanel
344 904 367 944 in
377 904 406 943 Ex
418 910 452 952 30,
466 910 506 947 23:
523 903 632 957 „Vulgares
643 905 755 945 sacerdotes
766 904 827 944 semel
838 903 919 943 inuncti
929 904 983 951 sunt,

95 967 156 1008 semel
167 967 189 1006 in
200 966 280 1005 deserto
291 965 317 1004 nd
328 964 471 1005 conferendam
482 964 532 1017 ipsis
544 965 676 1015 sanctitatem,
691 978 761 1006 verum
772 978 842 1004 eorum
853 964 890 1003 filii
900 963 984 1003 minime

91 1028 174 1069 inuncti
190 1029 239 1067 sunt
254 1028 302 1077 post
317 1029 369 1067 eos“.
380 1025 483 1066 —Levi
499 1027 548 1066 ben
564 1027 662 1066 Gcrson
678 1026 703 1065 ad
718 1026 770 1077 Ing
781 1038 796 1066 c.
810 1034 831 1068 1:
843 1024 879 1075 „ln
889 1024 985 1064 unctione

94 1089 179 1130 Aaronis
195 1090 216 1128 et
231 1087 319 1126 filiorum
336 1087 379 1127 eius
395 1087 526 1139 ungebantur
542 1100 610 1127 eorum
626 1087 703 1139 posteri
717 1086 808 1127 universi
824 1086 846 1125 in
862 1085 984 1135 sacerdotem

94 1151 148 1190 unde
164 1149 238 1197 evenit,
255 1149 279 1188 ut
294 1148 423 1199 postmodum
438 1161 498 1189 nemo
515 1161 583 1188 eorum
600 1148 710 1188 necessario
726 1148 778 1188 esset
788 1147 895 1199 ungendus
905 1147 985 1197 praeter

92 1210 217 1251 sacerdotem
233 1211 353 1249 summum‘·'.

156 1308 166 1333 ⁴²
178 1306 206 1346 uf.
217 1306 243 1348 M.
255 1306 346 1346 Middoth
360 1312 378 1356 5,
391 1312 415 1348 3:
432 1306 545 1356 „Sacerdoa
561 1306 634 1357 inquo
650 1305 777 1346 inveniretur
793 1305 872 1355 vitium,
887 1305 985 1345 induebat

93 1368 134 1409 sibi
154 1369 198 1407 atra
220 1364 359 1422 (vestimenta)
382 1380 404 1407 ac
424 1367 473 1407 atris
493 1367 610 1407 involvebat
626 1379 647 1406 se
662 1367 732 1417 itaque
749 1378 839 1418 egressus
856 1366 931 1414 exibam
952 1366 985 1406 cui

94 1441 141 1469 vero
162 1441 203 1468 non
223 1429 288 1468 inerat
309 1428 389 1476 vitium,
410 1427 509 1468 induebat
525 1427 565 1468 sibi
580 1428 701 1468 vestimenta
716 1426 762 1466 alba
778 1439 800 1467 ao
816 1427 902 1467 sealbis
918 1428 983 1468 invol-

93 1490 155 1537 vebat
170 1490 191 1528 et
206 1490 311 1541 ingressus
326 1488 457 1529 ministrabat
473 1502 520 1528 cum
536 1489 679 1538 sacerdotibus,
695 1488 793 1528 fratribus
808 1489 868 1529 misr:

422 1749 423 1753 ¹
438 1730 535 1776 Scotto
551 1731 643 1775 tertia

167 1866 218 1918 De
238 1865 382 1920 officiis
402 1866 637 1928 Leviterum,
656 1866 913 1928 sacerdotum,

439 1951 641 2015 pontificis

442 2130 518 2187 Caput
533 2132 640 2186 primurn

367 2269 409 2315 De
429 2269 529 2316 officiis
548 2270 712 2317 Levitarum

155 2421 176 2467 Ι.
193 2420 349 2464 Levitarum
368 2435 447 2463 munus
466 2419 533 2480 (quod
548 2425 572 2464 in
587 2421 651 2464 sacris
669 2421 747 2465 litteris
763 2420 889 2477 exprimitur
905 2421 985 2465 verbis:

91 2492 420 2547 ’111111111283838431
438 2498 457 2546 8,
474 2497 530 2540 ms.
557 2493 603 2536 aaa
618 2493 646 2540 ih.
658 2499 712 2550 3,o;
730 2498 765 2547 18,
777 2499 796 2541 a.
822 2495 863 2544 aar
878 2495 984 2546 111815.

90 2565 147 2613 ³359,
163 2565 190 2608 ib.
207 2570 228 2619 4,
245 2571 280 2614 23.
297 2570 332 2613 35.
348 2570 384 2613 47.
404 2565 473 2608 Ichr
490 2571 509 2618 9,
528 2570 562 2614 13,
580 2568 619 2624 19)
643 2570 688 2611 orat
709 2567 828 2625 multiplex,
851 2583 898 2610 cum
921 2581 985 2624 quae-

91 2651 185 2695 cumque
196 2639 223 2682 ad
234 2638 368 2683 sacerdotum
384 2639 449 2682 sacris
466 2640 602 2696 operantium
618 2639 765 2683 adiumentum
781 2640 942 2698 requirebantur
958 2638 985 2682 iis

95 2709 191 2755 facienda
207 2715 277 2756 essent
293 2711 345 2771 (Nm
363 2717 382 2765 1,
399 2716 439 2764 50;
456 2717 476 2766 3,
492 2717 579 2766 6-1ος
596 2719 615 2766 8,
632 2718 666 2762 15.
685 2719 723 2765 19;
741 2718 775 2766 18,
791 2719 810 2762 2·
827 2719 847 2761 6.
866 2713 896 2757 Dr
913 2717 947 2767 10,
964 2718 984 2760 8·

95 2781 105 2824 r
122 2782 164 2826 om
180 2789 199 2837 c,
216 2790 256 2837 483
274 2789 308 2838 aa
325 2785 369 2845 aa).

156 2906 178 2962 l)
194 2905 265 2964 Atque
286 2922 360 2951 eorum
381 2908 426 2950 erat
447 2922 517 2951 arcam
538 2907 625 2962 Jahvae,
647 2909 738 2954 diversas
758 2911 828 2965 partes
848 2907 986 2961 tabernaculi,

91 2976 195 3021 utensilia
216 2994 276 3023 sacra
291 2980 417 3023 velamentis
434 2981 538 3024 obvoluta
554 2985 645 3039 portare.
678 2982 733 3034 Quas
749 2997 781 3025 res
796 2995 936 3039 unaquaeque
952 2981 986 3025 fa-

95 3048 155 3093 milia
171 3051 294 3096 Levitarum
314 3053 338 3097 in
359 3053 436 3097 itinere
456 3069 494 3110 por
514 3054 620 3098 desertum
639 3054 775 3099 transvehere
791 3054 869 3105 debuit,
890 3069 926 3098 eas
942 3054 986 3099 Nm

91 3135 111 3163 θ.
128 3126 143 3169 4
158 3124 265 3180 explanat.
298 3126 430 3185 Kolrotln'tr's,
451 3129 476 3170 ut
497 3127 603 3185 dignitate
623 3128 679 3172 inter
699 3127 782 3172 Levitae
802 3127 877 3185 primis
885 3131 899 3181 1,
921 3143 987 3186 quae·
