2147 3361
458 83 513 120 Artes
525 83 611 121 liberales
932 87 977 130 623

93 224 94 228 ’
150 208 286 260 1„Sepulcra
301 213 384 261 regum‘
405 205 490 258 (Herbita
506 211 629 264 es-Salcltta),
652 224 703 262 quae
718 212 823 259 vocantur,
846 222 891 249 cum
909 209 978 259 sepul-

86 272 125 312 cris
142 283 214 322 regum
230 269 289 317 00010,
311 283 398 321 quorum
414 270 435 310 in
453 274 518 310 vetere
535 273 653 312 testamento
670 271 746 312 mentio
763 272 792 321 lit,
815 270 920 322 aequanda
936 282 978 309 ncn

87 333 140 379 sunt,
158 330 193 370 sed
209 330 322 382 sepulcrum
339 331 431 378 Helenae,
453 331 534 383 reginae
549 332 661 373 Adiabenes
683 328 745 387 (quod
762 345 848 385 regnum
868 332 923 372 inter
939 330 978 369 im-

85 393 143 446 peria
154 393 266 431 Romanum
282 395 302 430 et
317 392 435 432 Parthicum
451 389 513 432 situm
529 390 586 448 erat),
595 406 646 433 ‘esse
661 393 771 433 verisimile
782 395 818 434 est.
839 393 894 440 Quae
905 392 978 443 regina

86 461 127 495 una
148 466 194 493 cum
213 453 278 493 Izates
298 453 340 493 filio
363 453 387 492 ad
407 453 527 505 religionem
543 455 666 495 ludaeorum
688 455 770 494 transiit
792 456 813 494 et
829 454 976 505 Hierosolymis

86 515 167 567 sepulta
182 518 213 553 est
234 512 340 568 (210an
358 520 391 563 20,
409 520 428 555 4.
446 511 473 569 3).
500 514 556 561 cuod
573 516 695 567 sarcophago
717 528 762 554 oum
778 515 909 565 inscriptione
926 514 977 554 duo-

86 590 133 616 rum
148 586 244 616 versuum
264 575 293 614 ibi
314 575 397 615 invento
418 576 565 627 comprobatur.
592 576 682 623 Quorum
698 588 794 616 versuum
810 576 866 628 prior
887 575 918 614 laio
935 577 976 615 est:

85 623 155 670 aazbn
172 635 204 682 nr
225 634 365 685 &aaran
380 636 464 690 repara),
482 637 590 688 posterior:
611 625 680 669 0050
696 637 736 669 aar
752 639 789 688 (2-
807 637 877 676 nauca
893 638 978 689 0900).

87 697 198 748 Utriusque
219 709 289 737 versus
310 696 382 749 lingua
403 698 506 736 Aramaica
528 699 564 744 est,
588 696 687 748 scriptura
709 698 777 738 autem
799 698 873 748 prioris
895 697 977 749 Syriaca

86 755 244 814 (Hatranghelo),
267 758 384 809 posterioris
404 754 502 798 Hebraico
523 755 633 813 (scriptura
656 758 768 809 quadrat).
798 759 822 797 ld
844 758 874 798 ita
895 760 978 798 tantum

86 819 203 870 explicatur,
220 820 244 858 ut
260 818 330 871 regina
346 818 426 858 Zaddan
441 819 483 858 sire
499 818 570 867 Zadda,
589 832 641 870 quae
657 820 710 858 hauc
727 818 788 859 dubie
804 819 923 871 religionem
939 819 977 859 Ju-

87 881 165 921 daicam
181 880 346 931 amplectebatur,
363 880 449 919 alicuius
465 879 536 920 domus
552 880 618 932 regiae
635 881 731 932 Syrorum
747 880 815 929 fuerit,
838 893 889 930 quae
905 881 977 920 domus

86 940 141 982 haud
157 941 196 981 alia
210 940 250 981 nisi
266 940 414 980 Adiabenorum
434 953 477 980 esse
492 943 566 992 potest.
592 941 730 994 Sarcophagus
750 941 784 981 ille
805 954 828 980 ex
849 953 901 981 anno
920 947 978 983 1804

87 1001 171 1043 Parisiis
194 1000 217 1041 in
239 1014 307 1041 museo
323 1001 401 1042 Louvre
424 1003 522 1041 servatur.
549 1002 654 1041 Praeterea
673 1001 695 1041 in
716 1001 815 1053 sepulcris
836 1014 908 1053 regum
930 1015 978 1053 pars

87 1063 141 1103 vasis
162 1062 229 1102 fictilis
250 1074 295 1102 cum
316 1062 396 1102 nomine
415 1049 462 1096 0350
481 1062 574 1115 (Heleon)
594 1062 669 1102 litteris
690 1063 821 1113 antiquorum
840 1062 979 1102 Hebraeorum

88 1124 202 1174 conscripto
218 1124 302 1163 inuenta
317 1125 354 1165 est.

148 1185 259 1235 „Sepulcra
279 1184 382 1224 indicum“
402 1180 487 1236 (Katrtr
503 1179 621 1237 el-Knpirtt),
645 1197 695 1236 quae
716 1185 821 1233 vocantur,
844 1197 891 1223 eum
912 1185 979 1224 locum

86 1259 137 1294 esse,
160 1245 197 1285 ubi
219 1244 300 1296 antiqui
319 1245 395 1285 iudices
410 1245 550 1285 Hebraeorum
573 1245 648 1285 conditi
668 1247 741 1295 essent,
763 1244 877 1296 posteriore
897 1245 979 1297 demum

87 1311 178 1358 tempore
198 1306 277 1346 dictum
297 1309 332 1348 est.
360 1306 433 1346 Eadem
455 1306 560 1358 „sepulcra
580 1307 737 1358 prophetarum“
759 1300 844 1357 (Kabalr
865 1306 980 1359 el-Aahrjc)

87 1367 252 1407 nominabantur.
280 1367 336 1416 Sunt,
354 1368 390 1418 qui
406 1367 474 1407 dicant
489 1366 518 1406 ibi
533 1367 588 1407 viros
604 1367 721 1419 posterioris
738 1367 844 1408 cuiusdam
860 1366 931 1407 iudicii
942 1367 979 1407 Ju-

87 1428 184 1468 daeorum
200 1428 289 1480 sepultas
305 1441 354 1468 esse.

150 1502 159 1528 2
170 1501 260 1548 cuorum
271 1502 408 1553 sepulcrorum
420 1500 576 1552 pulcherrimum
588 1501 608 1540 id
619 1502 655 1549 est,
673 1500 726 1550 quod
738 1500 789 1540 circa
800 1512 876 1541 annum
887 1514 903 1540 a.
916 1502 949 1541 ch.
960 1514 979 1540 n.

89 1561 250 1602 ducentesimum
266 1561 459 1614 quinquagesimum
470 1561 558 1601 familiae
569 1561 617 1610 eius,
635 1561 670 1612 qui
682 1556 906 1601 coloniaePhocnicum
922 1575 980 1614 prae-

87 1624 136 1671 erat,
158 1623 286 1665 factumest.
314 1625 394 1664 Constat
409 1635 433 1662 ex
449 1622 550 1662 vestibulo
573 1624 593 1661 et
608 1621 674 1662 tribus
691 1622 752 1671 cellis,
773 1622 795 1662 in
811 1636 897 1673 quarum
914 1624 980 1675 parie-

88 1684 144 1723 tibus
165 1685 257 1734 sepulcra
278 1684 343 1724 excisa
362 1684 416 1724 sunt.
441 1679 530 1725 Picturis
548 1683 628 1723 venatio
644 1680 817 1734 repraesentatur:
839 1684 929 1735 primum
948 1685 980 1724 vir

89 1756 133 1783 cum
154 1745 209 1795 tuba,
232 1745 305 1785 deinde
325 1758 386 1796 eques
409 1746 479 1784 contra
498 1744 617 1795 leopardum
639 1744 764 1794 adequitans,
786 1748 891 1795 praeterea
913 1746 979 1787 variae

89 1804 170 1845 bestiae.
196 1806 228 1845 Ad
244 1807 324 1857 portam
340 1808 386 1845 ante
402 1805 472 1844 cellam
488 1805 622 1862 maximarna
638 1804 721 1845 sinistra
736 1807 794 1855 parte
811 1806 882 1858 gallus,
905 1807 980 1846 uden-

89 1866 131 1905 tera
147 1866 201 1907 canis
217 1867 314 1907 Cerberus
329 1867 403 1918 triceps
419 1866 485 1917 pictus
499 1867 536 1907 est.
558 1865 641 1906 Pictura
656 1866 718 1915 illius,
735 1879 787 1917 quae
803 1867 825 1906 in
841 1863 895 1907 vasis
906 1867 980 1907 Atticis

88 1926 155 1976 quinti
171 1929 191 1967 et
207 1928 276 1980 quarti
291 1941 308 1971 a,
319 1929 352 1968 ah.
363 1941 383 1969 n.
399 1926 473 1967 saeculi
489 1927 617 1978 conspicitur,
633 1926 705 1966 similis
721 1929 758 1969 est.
782 1928 874 1969 Ceterum
891 1928 981 1969 conferas

89 1985 107 2028 J.
123 1989 213 2028 Peters
229 1990 269 2028 and
285 1989 309 2029 H.
325 1988 461 2037 Thiersch,
477 1987 562 2027 Painted
572 1988 639 2029 tombs
654 1988 677 2027 in
692 1988 727 2027 the
737 1988 850 2040 necropolis
866 1989 888 2029 of
896 1990 980 2030 Marissn

89 2043 217 2104 (llar'eslralr).
239 2050 322 2090 Lcndcn
342 2056 403 2092 1005.
611 2054 614 2062 ’

149 2155 173 2210 2)
190 2154 271 2198 Putei
287 2157 341 2213 (7233,
358 2155 420 2198 Arab.
437 2154 478 2214 tir)
500 2157 561 2198 erant
576 2154 655 2209 fereae,
678 2156 803 2213 plerumque
824 2170 849 2198 ex
865 2156 911 2212 ipsa
927 2172 979 2213 rupe

89 2226 175 2279 excisae,
197 2228 235 2271 ubi
253 2244 332 2285 ,aquae
347 2228 428 2281 rivae“,
451 2228 464 2271 i.
481 2243 497 2276 e.
519 2244 573 2285 aqua
594 2229 685 2272 fontana
705 2229 739 2273 vel
760 2245 815 2286 aqua
836 2230 980 2286 subterranea,

89 2298 252 2356 colligebantur,
274 2317 327 2359 quas
346 2303 425 2355 tamen,
448 2301 465 2344 si
485 2302 624 2359 neglegenter
646 2306 780 2346 constructae
802 2305 869 2354 erant,
891 2304 980 2359 propter

91 2371 176 2416 fissuras
191 2374 251 2430 rupis
268 2375 377 2419 continere
392 2389 437 2419 non
454 2371 555 2432 poterant
571 2375 616 2435 (Jer
627 2378 647 2428 2,
662 2376 704 2435 13).
728 2376 791 2433 Aqua
806 2375 883 2430 hydria
899 2375 933 2433 (Ἳέ
946 2374 980 2419 Gn

92 2448 126 2495 24,
145 2446 181 2505 16)
197 2447 231 2490 rel
243 2448 312 2491 situla
328 2439 370 2506 (bi
386 2447 519 2508 0004015)
535 2449 602 2506 longo
618 2448 667 2492 funi
683 2449 772 2506 alligata
788 2448 921 2491 educebatur.
939 2447 980 2491 Pe-

91 2517 134 2559 cori
150 2518 276 2575 adaquando
293 2521 376 2565 canales
391 2522 495 2578 potatorii
511 2522 582 2581 (000οἿ
599 2521 632 2565 Gn
649 2526 683 2573 30,
701 2526 735 2569 38.
747 2526 782 2569 41.
799 2521 830 2564 ax
846 2525 865 2568 2.
884 2527 916 2568 tt.
934 2521 980 2569 0οΨ

91 2587 124 2630 Gn
141 2595 175 2643 ⁶24,
192 2596 231 2644 20;
248 2598 283 2647 30,
298 2595 335 2654 38)
352 2609 363 2636 e
379 2594 440 2650 ligno
456 2595 489 2638 rel
504 2594 576 2652 lapide
592 2595 643 2639 fracti
658 2594 808 2640 inserviebant,
829 2594 892 2637 Putei
909 2610 933 2638 cs
948 2594 981 2638 la-

90 2660 138 2715 pide
153 2678 240 2721 magno,
255 2667 382 2725 plerumque
397 2667 497 2721 rotundo,
513 2668 651 2712 claudebatur
667 2667 709 2728 (Gn
724 2671 758 2719 29,
771 2673 806 2713 ‘la
823 2667 882 2710 Thin
899 2671 919 2714 3.
937 2669 981 2727 53).

151 2765 281 2818 antiquitate
296 2769 384 2821 insignis
400 2770 432 2807 cst
447 2783 460 2819 p
467 2772 546 2809 utens
563 2769 643 2809 Jacob
661 2766 725 2825 (πηγὴ
742 2774 776 2811 ccb
787 2764 863 2822 Ἰακώβ
880 2768 905 2808 Jc
923 2776 942 2817 4,
962 2777 980 2812 0.

93 2820 150 2862 hodie
167 2826 205 2865 Bar
221 2826 296 2876 Ja‘lzcc
318 2848 346 2863 z:
369 2830 428 2869 Hebr.
445 2829 494 2869 Bffcb·
509 2827 606 2886 Ju‘Hrib),
629 2831 664 2881 qui
681 2843 691 2868 a
707 2830 768 2869 Jacob
789 2829 902 2880 patriarcha
919 2844 981 2882 prope

92 2881 169 2924 sichem
186 2885 253 2943 (hodie
264 2887 363 2944 nacturus)
380 2890 463 2929 effossus
479 2891 515 2946 [ib.
527 2905 544 2931 r.
559 2890 594 2946 12)
611 2892 635 2930 ab
652 2890 720 2930 euclem
736 2903 809 2930 nomen
820 2891 892 2937 trusit,
909 2894 981 2932 etiam-

90 2954 144 2982 nunc
156 2952 182 2988 23
195 2962 214 2988 m
230 2951 342 3001 profundus
354 2955 390 2993 cst.
407 2952 474 3002 Atque
488 2952 528 2991 iam
543 2952 657 3004 antiquitus
674 2952 733 2990 etiam
750 2951 771 2989 in
788 2951 882 2991 domibus
894 2954 981 3003 privatis

91 3005 163 3051 puteos
178 3008 241 3051 fuisse
257 3026 280 3052 cx
296 3013 315 3052 Π
328 3006 364 3051 Sin
378 3020 410 3061 Π,
425 3019 473 3055 las.
491 3015 579 3063 apparet.

150 3067 215 3109 Horlie
231 3072 374 3125 Hierosolymis
390 3073 507 3113 notissimus
528 3077 558 3113 est
578 3075 651 3125 puteus
672 3073 710 3121 ille,
732 3073 768 3124 qni
789 3074 813 3112 aa
835 3074 888 3113 latus
909 3076 980 3126 templ'

91 3124 213 3169 occidentale
229 3133 280 3173 situs
296 3135 336 3174 Ba
351 3132 451 3187 [cannuca
472 3131 554 3186 cl-ieftt
575 3134 696 3175 nominatur.
723 3135 830 3174 Praeterea
849 3135 870 3174 in
887 3136 982 3176 domibus
