2147 3361
443 58 516 114 Studia
529 60 598 98 altiora

412 267 488 326 Caput
504 273 633 317 secundum

352 384 393 429 De
414 384 518 431 studiis
538 387 686 435 altioribus

137 503 199 543 Nulla
219 503 252 542 hic
268 503 354 543 habetur
370 503 421 542 ratio
442 517 508 555 neque
525 505 642 557 theologiae,
664 506 758 558 quoniam
776 506 798 546 in
815 506 921 558 religionis
937 507 968 546 hi-

76 564 262 607 storiatractanda
282 565 317 611 est,
338 577 404 615 neque
423 564 475 604 iuris
497 565 623 616 disciplinae,
645 567 739 618 quoniam
761 566 815 617 apud
836 566 925 607 Judaeos
945 581 975 617 cos

76 629 156 667 ‹lemum
172 627 262 677 tempore
278 625 411 673 excolebatur,
429 626 483 676 quod
499 626 538 668 iam
555 627 603 667 huic
619 628 674 679 operi
689 628 816 679 propositum
832 640 874 667 non
890 631 927 668 est.

136 707 183 750 lam
204 708 253 749 ante
273 706 382 761 originem·
401 706 530 763 reipublicae
548 707 696 752 Hebraeorum
716 708 820 752 doctrinis
841 709 925 753 nobiles
947 712 968 753 et

77 781 129 826 clari
144 781 206 824 erant
221 778 322 837 Aegyptii
339 782 360 823 et
375 779 497 836 Babylonii,
513 784 588 837 postea
604 781 669 825 etiam
685 780 813 831 Phoenices.¹
836 782 928 826 Hebraei
942 783 968 825 11

76 857 116 899 hac
135 869 157 898 re
178 855 246 897 aetate
268 852 353 896 demum
368 852 438 897 David
458 853 552 911 gloriam
573 843 684 899 consecuti
698 858 754 907 sunt,
774 855 881 911 imprimis
897 857 974 899 autem

76 930 181 988 regnante
196 926 287 979 Salomo,
301 927 341 983 qui
357 940 431 970 ornnes
447 927 614 971 11111111111111
630 930 651 971 et
666 928 798 984 perspicacia
809 942 918 984 superasse
935 928 968 971 di-

77 1003 131 1046 citur
147 1015 234 1057 eamque
255 1000 282 1043 ob
299 1015 383 1043 causam
403 1016 414 1042 1
431 1000 574 1048 celeberrimis
590 1001 717 1058 alienigenis
732 1001 872 1048 invisebatur,
900 1001 970 1059 Atque

32 1133 34 1136 Ι
78 1076 121 1118 eius
143 1073 248 1130 sapientia
268 1073 379 1130 praecipue
402 1074 495 1117 cernitur
517 1074 541 1117 in
562 1074 635 1118 iudicii
657 1074 761 1126 acumine,
783 1075 807 1117 111
827 1075 970 1132 plurimarum

76 1162 152 1199 rerum,
169 1147 260 1190 maxime
271 1149 359 1190 naturae
370 1146 502 1204 cognitione,
518 1147 542 1190 in
554 1148 675 1190 carminum
691 1146 891 1204 sententiarumque
902 1148 969 1203 copia,

77 1234 130 1278 quae
145 1219 179 1263 vel
194 1219 238 1276 ipse
250 1221 397 1277 composuerat
412 1220 447 1264 vel
457 1219 562 1263 memoria
572 1221 666 1272 tenebat,
681 1221 706 1263 in
722 1220 785 1264 rebus
796 1220 898 1264 humanis
914 1224 970 1265 recte

26 1293 27 1296 ’
77 1291 201 1345 iudicandis,
217 1292 241 1335 de
252 1292 329 1349 quibus
343 1292 443 1336 omnibus
454 1307 526 1336 sacrae
536 1292 622 1336 litterae
632 1293 704 1336 multa
720 1292 824 1336 exhibent
835 1292 970 1341 documenta.

77 1362 203 1423 Exemplum
217 1366 273 1409 tanti
284 1365 340 1423 regis
355 1366 430 1421 procul
445 1365 510 1409 dubio
528 1366 581 1409 alios
598 1381 683 1423 quoque
700 1365 724 1409 in
739 1365 886 1409 imitationem
896 1367 969 1410 traxit.

78 1440 128 1484 Post
144 1439 228 1483 Salcmo
249 1454 299 1483 vero
320 1439 412 1482 Hebraei
433 1440 470 1481 vix
491 1439 600 1496 progressi
622 1441 679 1492 sunt,
701 1438 745 1482 nisi
766 1438 825 1496 quod
847 1439 872 1482 in
892 1439 968 1483 exsilio

77 1513 196 1569 Babylonio
212 1513 290 1556 multas
306 1512 404 1556 notiones
421 1514 504 1555 exteras
519 1514 651 1567 receperunt,
668 1511 744 1555 deinde
760 1527 773 1554 a
785 1511 869 1555 Graecis
885 1527 970 1570 quoque

77 1586 132 1629 haud
149 1601 216 1642 pauca
231 1600 281 1629 vera
297 1588 318 1629 et
333 1585 387 1628 falsa
402 1585 496 1628 mutuati
513 1587 570 1631 sunt.

136 1674 225 1723 Litteris,
241 1688 293 1727 quae
308 1676 330 1715 in
346 1675 425 1714 artibus
436 1676 549 1723 versantur,
568 1674 654 1713 Hebraei
670 1673 754 1714 minime
766 1674 866 1713 carebant.
885 1674 969 1725 Saepius

78 1750 144 1775 earum
160 1736 182 1776 in
197 1738 263 1776 vetere
279 1738 400 1776 testamento
416 1735 492 1775 mentio
510 1734 538 1774 iit.
565 1735 609 1774 Koh
628 1741 660 1784 12,
680 1742 705 1777 12
723 1735 811 1785 scriptor
827 1735 889 1774 etiam
905 1736 969 1775 abun-

78 1797 162 1836 dantiam
178 1810 245 1836 earum
262 1797 363 1847 queritur:
380 1797 465 1845 „Facere
480 1796 544 1836 libros
560 1796 636 1835 multos
651 1809 693 1835 non
709 1797 741 1835 est
756 1795 802 1835 finis
817 1797 838 1835 et
853 1796 969 1836 meditatio·

77 1871 123 1897 nem
138 1858 274 1910 multiplicare
290 1859 321 1898 est
335 1857 438 1909 fastigatio
455 1857 542 1896 carnis‘t
565 1857 647 1896 Exteras
663 1869 744 1907 quoque
760 1859 831 1908 gentes
848 1857 902 1896 haud
912 1857 970 1908 igno-

77 1931 130 1958 rasse
140 1919 240 1960 Hebraeos
256 1919 368 1960 doctrinam
384 1918 452 1970 magui
463 1918 570 1957 aestimare
586 1929 609 1956 cx
625 1917 713 1965 11114
731 1918 877 1969 cognoscimus.
897 1918 969 1970 Neque

78 1979 211 2019 dubitandum
227 1983 263 2029 est,
281 1980 331 2031 quin
346 1979 426 2020 111111
443 1978 498 2018 docti
514 1978 599 2017 aliarum
611 1978 710 2029 gentium,
726 1978 755 2017 ita
766 1977 904 2018 Hebraeorum
920 1992 970 2029 quc-

78 2052 116 2089 quc
131 2041 221 2081 homines
237 2041 311 2081 eruditi
327 2040 428 2080 doctrinas
445 2039 517 2079 aetatis
534 2052 583 2079 suae
599 2038 682 2078 scientia
698 2038 893 2090 comprehenderint

136 2101 217 2141 Litteris
234 2101 310 2142 eruditi
326 2101 373 2140 clim
391 2101 453 2146 nippq
474 2102 571 2150 salutantes
592 2100 748 2151 appellabantur
771 2098 831 2152 (Prov
850 2106 867 2148 1,
886 2106 909 2147 63
935 2107 968 2149 13,

79 2167 116 2210 20;
134 2169 167 2211 22,
183 2169 220 2211 173
239 2170 272 2209 24,
290 2169 324 2205 23.
340 2162 385 2201 Koh
401 2167 472 2210 1,11;
494 2167 525 2209 11,
539 2157 581 2215 il),
598 2165 623 2199 ut
639 2160 693 2211 apud
709 2161 794 2200 Graecos
810 2162 876 2216 σοφοί.
898 2162 969 2201 Aetate

78 2222 150 2264 Christi
167 2224 247 2263 nomine
267 2229 392 2279 γραμματεῖς
413 2240 442 2255 =
464 2217 533 2266 bauain
554 2222 637 2261 litterati
658 2221 825 2273 significabantur
847 2223 868 2260 et
888 2222 969 2262 honoris

76 2283 136 2322 titulo
154 2281 212 2340 ῥαββὶ
228 2302 256 2318 =
273 2285 305 2322 ³21]
322 2284 471 2324 salutabantur.
498 2282 541 2333 ipsi
557 2283 626 2322 autem
646 2294 666 2321 se
682 2282 734 2331 filios
754 2282 797 2321 sive
813 2282 919 2333 discipulos
934 2297 968 2323 so-

75 2345 159 2393 pientiae
175 2346 278 2395 vocabant,
295 2345 348 2397 quod
364 2358 410 2384 curn
427 2344 502 2383 Graeco
519 2344 634 2400 φιλόσοφος
650 2343 749 2383 convenit.

136 2451 156 2497 Ι.
174 2451 318 2495 Hebraeorum
333 2447 517 2506 philosophia
532 2451 578 2491 erat
588 2447 715 2504 theosophis
732 2447 776 2491 sive
787 2449 847 2501 ratio,
865 2463 907 2505 qua
922 2450 969 2493 tota

77 2521 119 2565 xlta
135 2524 276 2568 1111111111
296 2524 351 2581 legis
371 2522 457 2566 (livinae
472 2521 633 2573 instituebatur,
654 2535 705 2578 ergo
722 2520 786 2577 plane
803 2536 861 2564 sacra
882 2522 969 2565 111111-

77 2594 142 2650 giosa,
162 2599 231 2655 magis
248 2598 317 2641 activa
333 2612 397 2654 quam
414 2594 587 2651 contemplativa.
614 2594 640 2638 ln
657 2594 732 2637 exsilio
749 2593 827 2637 ludaei
848 2595 968 2651 complures

77 2682 142 2712 novas
157 2671 256 2715 notiones
272 2671 397 2727 receperunt
413 2671 477 2726 atque
493 2669 517 2711 in
533 2682 580 2711 rem
595 2683 656 2711 suam
672 2669 829 2712 converterunt.
846 2667 899 2711 Post
914 2669 969 2711 redi-

77 2742 122 2783 tum
139 2758 164 2785 ex
180 2744 300 2800 Babylonia
316 2743 379 2787 multi
394 2741 473 2785 ,iudaei
490 2740 605 2802 (imprimis
616 2740 753 2784 Aristobulus
769 2741 790 2782 ct
806 2739 879 2800 Philo)
896 2742 968 2784 studio

77 2814 158 2858 exterae
178 2817 325 2874 philosophiae
347 2830 435 2872 operam
458 2814 568 2867 dederunt,
591 2829 655 2871 quam
677 2827 727 2856 cum
748 2812 853 2869 religione
875 2812 969 2857 illosaica

77 2887 205 2946 coniungere
221 2891 248 2933 acl
264 2905 351 2947 euinque
368 2888 530 2932 accommodare
548 2879 686 2931 conabantur.
709 2885 766 2928 Nam
782 2901 807 2928 ea
823 2885 969 2930 1111116111-

77 2972 149 3003 corum
165 2963 235 3006 cultus
251 2966 315 3019 atque
326 2962 457 3013 humanitas
467 2961 494 3004 ad
505 2960 599 3004 ludaeos
615 2959 752 3002 vehementer
768 2958 875 3014 pertinere
892 2961 969 3017 coepit,

76 3029 180 3087 imprimis
201 3051 248 3079 cum
269 3037 293 3080 in
309 3035 437 3079 Graecorum
456 3034 571 3090 imperium
591 3032 738 3088 dicionemque
758 3031 885 3075 cecidissent
905 3034 970 3091 atque

50 3147 51 3150 ,
76 3103 436 3168 1111111111111111111111111,
457 3108 482 3151 ut
498 3106 613 3163 imperinm
634 3105 731 3148 omnium
748 3105 847 3163 gentium
864 3105 970 3159 conderet,

136 3185 273 3227 Kortloitnor,
287 3187 405 3225 1111111111ςί1
419 3186 481 3218 biblica
897 3180 921 3216 31]
