2147 3361
460 70 516 107 Aries
528 69 615 107 liberales
944 71 988 116 629

94 205 177 252 Solium
193 194 313 244 Salomonis
328 194 391 238 ebore
407 194 507 236 ornatum
523 196 544 237 ei
560 208 611 237 auro
628 192 740 236 inductum
757 191 776 252 (l
793 191 828 250 ag
845 195 879 243 10,
899 193 989 238 18--20

97 302 128 319 z
146 275 167 320 ΙΙ
184 272 226 317 Gur
242 274 261 321 9,
279 266 377 327 rr—ic)
393 280 446 309 num
461 266 488 316 ab
504 265 605 309 Hebraeis
621 266 702 310 facium
718 265 753 318 sii,
769 279 816 319 non
832 262 957 320 accepimus.

156 363 226 405 Aeiaie
243 356 317 398 chrisa
333 355 405 395 duduci
426 355 523 407 imagines
544 358 565 394 ei
585 355 643 408 signa
663 355 745 395 omnino
758 354 911 397 ,abhorrebani
939 354 989 394 (ium

99 426 186 469 Herodes
196 422 281 472 Magnus
297 417 319 457 in
330 417 410 457 iheairo
422 418 503 467 iropuea
515 416 604 456 Caesaris
621 416 729 464 exhiberet,
746 415 768 455 id
779 413 921 467 indignissime
937 414 989 453 fere-

98 490 148 530 baui
169 482 218 540 (Jos.
235 479 266 519 Α]
284 485 317 527 15,
334 483 353 520 8.
371 473 398 533 1).
426 476 515 523 Quantos
532 478 599 516 aulem
615 477 719 517 iumulius
736 476 874 524 excitaverint,
892 474 989 525 cuiji-

98 551 151 589 iuius
166 542 264 594 imagines
281 538 367 578 Caesaris
387 539 409 578 in
429 538 502 577 urbem
522 537 597 577 inferre
616 539 733 589 templium,
754 539 826 577 nobum
843 542 874 577 esi
896 535 937 591 (AJ
956 543 988 585 18,

99 616 118 652 3.
137 598 200 651 L‘BJ
217 607 271 649 zui).
289 596 317 654 2).
344 598 375 638 Ne
391 599 448 650 sigua
464 598 544 649 quidem
560 597 658 638 milliaria
672 598 810 639 Romanorum
826 599 924 642 lerebaub.
942 611 990 638 cum

96 670 162 710 mulia
177 662 283 705 simulacra
298 660 319 700 iu
335 660 360 699 iis
377 661 444 699 esseni
460 659 500 704 (AJ
516 664 549 706 18,
568 664 586 700 5.
603 655 631 714 3).
653 658 807 711 Rigorosissime
823 660 888 712 igliur
904 658 988 699 mauda-

95 733 142 770 ium
162 724 212 766 illud
233 721 325 761 divinum
345 721 541 772 interpretabamur:
565 719 607 768 „Ne
623 720 683 759 facias
703 719 742 759 libi
762 720 863 770 sculptam
878 720 989 772 imaginem

98 792 134 830 aui
146 785 279 827 simulacrum
295 781 357 821 ullius
372 782 407 829 rei,
425 781 466 821 sive
482 780 569 821 incaelo
585 780 613 820 sii
628 779 671 833 sive
686 780 774 821 interra
790 780 833 821 sive
848 780 870 820 iu
881 794 935 833 aqua
951 782 989 820 sub

95 851 164 889 ierra“
185 844 221 900 [Er
243 849 277 890 20,
295 842 316 894 4)
337 855 403 893 neque
424 842 577 882 considerabant
600 841 662 881 solam
682 841 819 881 idololatriam
841 854 864 882 eo
886 841 990 893 prohiberi

101 920 165 961 neque
181 904 296 956 cogiiabaui
312 903 334 942 iu
349 903 393 954 ipsa
408 903 549 955 suppellectile
567 914 623 941 sacra
638 901 738 954 imagines
754 915 796 942 non
812 902 906 943 defuisse.

157 999 207 1046 ΙΙΙ.
225 996 370 1052 Scalpiura
386 994 534 1054 gemmaria
544 994 646 1040 Hebraeis
661 995 705 1038 iam
716 995 768 1039 sabis
779 997 863 1039 mabure
874 1000 928 1040 noia
938 995 991 1047 fuid,

96 1089 149 1118 nam
166 1070 199 1115 Gn
215 1075 250 1123 38,
268 1075 295 1118 18
312 1069 372 1112 anuli
388 1069 501 1127 signaiorii
517 1070 548 1112 iia
563 1068 645 1112 meniio
661 1068 692 1122 fii,
708 1070 733 1112 ui
744 1068 837 1112 Hebraei
853 1083 877 1112 eo
895 1067 991 1126 aniiqui-

99 1149 134 1190 ius
155 1145 188 1188 usi
208 1158 252 1186 esse
272 1141 390 1189 videantur.
417 1142 448 1185 Ex
468 1141 505 1186 der
523 1146 586 1194 lbi
608 1141 728 1198 accepimus
749 1139 850 1185 homines
872 1141 917 1185 eius
940 1142 992 1185 ariis

97 1218 179 1275 periios
199 1217 249 1260 siilo
268 1215 337 1259 ferreo
358 1229 406 1258 cum
426 1221 529 1258 mucrone
550 1215 689 1259 adamauiiuo
711 1215 737 1258 ad
753 1217 851 1272 gemmas
866 1215 992 1272 scalpeudas

100 1306 149 1334 usos
165 1304 213 1335 esse.
236 1287 305 1341 Quam
321 1291 388 1332 oriem
399 1288 506 1332 Hebraeos
523 1288 691 1332 aPlroenicibus
707 1287 806 1332 didicisse
822 1288 939 1332 verisimile
955 1290 992 1342 esi,

100 1363 136 1421 qui
151 1364 176 1405 ui
187 1362 235 1419 Syri
251 1362 377 1405 commercio
394 1376 442 1405 cum
453 1362 534 1406 oriente
550 1360 625 1406 habiio
642 1361 711 1405 coacii
726 1361 799 1418 sigilla
809 1362 924 1419 gerebanb3
939 1366 993 1405 iram

97 1436 123 1479 ‘in
138 1435 201 1498 ierris
219 1435 245 1478 ad
262 1434 385 1491 Euphralen
406 1434 452 1479 siiis
467 1450 515 1478 mos
535 1437 581 1479 erai
599 1435 659 1479 omni
679 1437 742 1492 paolo
763 1434 836 1493 sigilla
856 1436 951 1492 pariium
970 1435 993 1479 id

97 1515 184 1567 pactum
199 1508 321 1551 ineuntium
331 1508 457 1565 imprimere.
478 1508 518 1553 sed
533 1509 580 1553 fieri
590 1510 666 1565 peimi,
681 1511 707 1552 ui
718 1508 828 1553 Cauanaei
843 1523 929 1565 quoque
945 1524 993 1552 eam

99 1583 168 1625 arbem
183 1581 289 1625 Hebraeos
305 1581 410 1626 docereub.

161 1670 231 1721 Neque
251 1683 299 1710 vero
320 1672 420 1724 explorari
439 1673 512 1724 polesi,
534 1673 584 1723 quid
605 1672 704 1713 Cauaraei
724 1673 745 1713 iu
760 1673 867 1726 ¹scalpiura
883 1671 994 1723 gemmaria

101 1731 208 1771 effecerim.
229 1731 280 1771 Nam
297 1745 418 1784 quamquam
435 1733 499 1774 mulia
516 1734 581 1786 sigilla
597 1735 684 1785 exciam,
700 1735 769 1773 lamen
785 1746 830 1773 raro
848 1732 939 1784 repeririv
949 1735 993 1785 poi·

100 1792 137 1839 esi,
154 1802 207 1842 quae
217 1793 254 1831 aui
263 1792 401 1835 Hebraeorum
417 1797 454 1836 aui
463 1795 586 1836 Phoenicum
603 1796 639 1835 aui
650 1795 735 1835 alterius
746 1808 816 1834 earum
826 1793 926 1847 gentium,
943 1807 994 1845 quoe

101 1852 152 1891 circa
163 1855 225 1901 erant,
241 1852 324 1894 fuerint.
345 1855 428 1895 Praeter
443 1856 514 1897 anulos
526 1856 647 1907 signatorios
663 1853 794 1910 (plerumque
803 1855 883 1908 lapides
900 1869 922 1896 er
933 1855 994 1907 longo

100 1912 203 1961 rotundos,
224 1913 259 1964 qui
275 1915 350 1965 pariim
366 1915 430 1969 digiio
446 1917 593 1966 inserebauiur‚
614 1918 688 1969 parlim
703 1918 745 1958 lino
767 1918 819 1958 circa
835 1918 908 1957 collum
925 1914 992 1969 gesia-

99 1970 181 2029 baniur)
199 1974 253 2025 apud
263 1975 364 2016 Hebraeos
375 1978 416 2017 ires
427 1977 502 2018 formas
514 1977 626 2030 sigillorum
638 1978 764 2019 invenimus:
782 1978 904 2026 scarabaeoa
918 1979 993 2030 quibus

102 2034 207 2084 praecipue
217 2036 314 2088 Aegyptii
329 2037 451 2087 ulebauiur3
468 2038 576 2092 cylindros,
593 2039 629 2090 qui
640 2039 743 2091 imprimis
759 2039 782 2079 in
792 2040 906 2091 Babylonia
922 2039 995 2079 usitari

100 2096 168 2142 ei⁴aui3
185 2096 251 2147 sigilla
267 2097 289 2136 iu
305 2099 350 2139 coni
365 2099 447 2138 sormam
459 2100 544 2142 redacta.
565 2101 589 2139 ln
604 2100 649 2140 Tell
659 2097 760 2140 'l'a‘aunek
777 2101 901 2152 quadrarum
912 2113 994 2151 quoque

102 2154 190 2207 sigillum
206 2156 313 2198 inventum
329 2162 366 2199 esi.
387 2160 415 2199 Er
431 2160 505 2212 quibus
522 2160 594 2212 sigillis
610 2161 698 2213 plurima
713 2161 838 2201 rudissuni
853 2161 930 2213 operis;
947 2175 994 2201 nam

101 2215 239 2257 Hebraeorum
255 2220 358 2272 scalptura
373 2221 481 2272 gemmaria
496 2222 560 2273 magis
576 2224 598 2261 iu
614 2222 693 2273 piciura
708 2221 782 2262 lineari
797 2222 918 2262 versabatur
933 2235 995 2273 quam

101 2276 124 2315 in
135 2279 179 2317 arie
189 2278 284 2331 fingendi,
295 2293 340 2320 cum
352 2282 402 2321 solas
414 2284 512 2322 eriremas
524 2280 587 2322 lineas
598 2296 666 2323 earum
677 2282 796 2335 figurarum,
813 2296 864 2334 quae
876 2284 996 2323 ornameuio

79 2391 80 2394 Ἴ
102 2339 176 2386 esseni,
192 2338 294 2382 duaa-ent.
311 2343 431 2394 Plerumque
443 2344 493 2383 solas
504 2343 578 2397 figuras
588 2344 640 2385 varii
651 2344 736 2396 generis,
753 2344 820 2384 rarius
831 2340 905 2384 nomen
916 2356 996 2395 posses-

104 2398 154 2456 soris
170 2399 244 2440 liileris
261 2402 479 2455 Hebraiclsaeripaum
496 2405 612 2454 ostendunt,
628 2406 686 2445 vaur
702 2404 792 2457 sigillum
809 2400 926 2456 ‘Amdijahu
943 2404 996 2445 filiae

104 2457 222 2510 Sebanjahu.
238 2461 307 2516 Sigilla
318 2464 440 2516 elegantiore
456 2478 518 2505 mauu
534 2465 581 2506 ficia
597 2466 640 2506 sine
657 2466 718 2505 dubio
735 2479 796 2517 opera
806 2465 913 2506 -ariifieum
929 2469 996 2506 exier-

104 2531 176 2563 norum
187 2524 241 2570 suni,
257 2525 282 2564 ui
293 2525 381 2577 sigillum
393 2520 469 2574 Sema‘‚‚
481 2526 570 2566 miuisiri
586 2530 607 2568 ei
618 2526 715 2567 adiuioris
726 2527 856 2567 consiliorum
872 2527 997 2580 regisdero-

104 2578 161 2619 bearn
172 2581 198 2631 Π,
215 2585 268 2634 quod
284 2588 306 2626 iu
322 2586 363 2626 'reu
379 2587 529 2627 el-Macesessim
540 2588 646 2629 iuvencum
662 2588 683 2627 ei
699 2591 735 2627 aui
751 2588 773 2627 iu
789 2587 902 2639 Babylonia
919 2590 955 2628 aui
972 2589 997 2628 ab

104 2640 180 2740 fmifioe
196 2644 262 2695 aliquo
278 2647 396 2699 Babylonio,
418 2648 453 2699 qui
470 2648 527 2688 aulae
547 2649 601 2702 regis
617 2649 756 2689 israelitarum
776 2650 819 2689 arte
836 2661 873 2688 sua
889 2649 997 2699 serviebat,

114 2713 134 2740 ac
145 2716 179 2743 um
196 2707 230 2746 esi.
895 2710 897 2712 ’
967 2710 969 2712 “

454 2851 529 2910 Caput
546 2853 647 2900 tertium

467 2957 508 3003 De
527 2957 637 3012 poetica

167 3056 260 3100 Conferas
276 3061 298 3104 ll.
315 3062 414 3118 Loutia,
434 3063 462 3103 De
484 3077 538 3107 sacra
558 3064 614 3117 poesi
630 3064 771 3105 Hebraeorum
792 3063 939 3115 praelectiones
956 3076 1000 3105 aca-

106 3111 193 3157 demicae
216 3121 287 3162 Osonii
309 3124 395 3169 babiiae.
427 3125 498 3165 Oronii
524 3132 597 3173 17533,
614 3125 632 3167 J.
655 3125 677 3166 G⁴
698 3125 841 3175 benaich,
865 3125 894 3165 De
916 3138 1000 3178 poeseos
