2147 3361
322 87 400 136 Imperii
412 86 433 123 in
445 86 510 124 exsilio
523 88 543 124 et
555 87 598 135 post
610 86 697 124 exsilium
711 85 772 122 forma
949 84 990 129 73}

100 215 211 266 transtulit
226 213 293 271 iisque
309 211 386 255 domos
406 212 428 253 et
443 224 506 267 agros
527 210 551 254 in
566 209 634 267 Lydia
650 211 671 252 et
687 207 784 266 Phrygia
804 206 859 250 sitos
874 204 995 263 assignavit

101 292 152 353 (dos.
169 287 202 331 Α]
225 291 259 339 12,
280 289 300 333 3.
316 284 346 343 4).
373 282 504 327 llercatnrae
525 287 588 327 caussa
608 282 714 340 imprimis
734 282 757 326 iu
778 280 867 325 urbibus
887 279 994 337 portubus

88 362 181 409 ornatis
197 359 268 403 sedem
283 371 307 401 ac
323 355 458 400 domicilium
475 357 640 407 constituerunt,
657 356 716 400 velut
732 355 810 412 Ephesi
826 353 887 398 etin
903 352 995 396 urbibus

99 437 181 483 Joniae.
205 433 337 477 Judaeorum
354 429 441 473 diffusio
457 445 495 486 per
511 429 701 474 blacedoniam
717 432 738 472 et
754 427 898 472 Graeciam
914 441 939 482 ex
956 425 994 469 lit-

100 510 150 556 teris
166 506 192 551 ab
209 505 305 564 Agrippa
321 502 348 547 ad
363 502 517 560 imperatorem
532 503 652 560 Caligulam
669 501 744 554 missis,
761 517 814 559 quas
830 500 895 544 Philo
911 499 994 559 (Legat.

100 584 127 628 ad
144 581 223 632 Gaium,
240 593 288 635 opp.
305 576 332 629 II,
350 577 403 636 587)
422 576 537 619 memoriae
553 575 653 633 prodidit,
675 575 817 634 cognoscitur.
846 572 887 626 Qui
903 573 993 616 Thessa-

99 657 157 706 liam,
183 651 302 703 Boeotiam,
324 649 477 701 Macedoniam,
500 648 613 701 Aetoliam,
636 648 737 702 Atticam,
760 648 835 706 Argos,
859 646 994 699 Corinthum,

100 728 232 784 deniqueret
248 727 381 771 πλεῖστονκαὶ
398 723 472 783 ἄριστα
488 724 649 783 Πελοποννήσου
666 736 701 765 eas
716 723 783 765 terras
799 735 843 765 esse
859 720 938 773 scribit,
955 717 995 764 ubi

99 799 229 845 habitarent.
255 796 287 839 Ex
303 795 486 852 inscriptionibus,
503 810 557 853 quae
568 794 657 851 Delphis
670 794 774 856 inventae
789 796 847 846 sunt,
864 794 923 845 duae,
940 808 996 851 quae

100 871 221 918 secundia.
238 869 274 916 Oh.
291 884 312 915 n,
328 868 408 912 saeculi
423 870 480 921 sunt,
501 868 528 911 ad
543 883 616 912 servos
632 867 734 911 Jridaicos
753 882 819 910 mann
835 866 913 911 missos
928 867 995 924 perti-

99 948 158 992 nent.
169 933 280 1000 Philippis,
292 942 461 993 Thessalonicae,
473 942 572 995 Beroeae,
584 940 682 992 Athenis,
694 940 800 992 Corinthi,
811 939 835 983 in
846 940 893 983 aliis
904 939 993 984 urbibus

0 1046 4 1053 ν
100 1031 221 1076 synagogas
237 1014 448 1059 craecorumtuisse
464 1014 528 1057 etiam
544 1015 569 1058 in
585 1013 676 1057 historia
692 1013 755 1056 Pauli
771 1013 862 1070 apostoli
878 1013 996 1057 memoriae

33 1120 35 1123 -
99 1091 191 1136 traditur
207 1088 257 1149 (Act
268 1093 303 1140 13,
320 1091 359 1140 l43
377 1092 411 1140 14,
430 1093 452 1139 13
471 1092 504 1140 te,
521 1093 562 1139 283
581 1092 614 1139 17,
633 1092 651 1134 l.
671 1091 702 1133 10.
721 1091 760 1137 tir
777 1090 812 1139 18,
828 1090 848 1133 4.
865 1091 885 1133 7.
903 1090 937 1134 19.
954 1091 995 1137 2[i;

5 1153 10 1162 s
101 1169 135 1214 19,
151 1164 179 1223 8),
201 1162 271 1206 Etiam
280 1161 363 1204 insulas
378 1161 443 1204 maris
454 1160 606 1204 mediterranei
621 1160 685 1203 multi
696 1158 774 1203 ludaei
789 1159 920 1211 incolebant,
936 1159 995 1204 velut

100 1237 213 1288 euboeam,
235 1234 335 1291 Cyprum,
356 1233 446 1286 Cretam,
467 1234 550 1286 Delum,
572 1233 666 1285 Samum,
687 1232 788 1276 Rhodum
809 1232 829 1292 (l
845 1231 891 1275 blec
908 1235 942 1285 15,
959 1237 993 1281 23,

100 1309 168 1361 Philo,
188 1309 202 1354 l.
219 1323 236 1352 c.
252 1306 296 1350 Jos.
312 1306 346 1350 Α]
364 1303 398 1359 ii,
416 1312 450 1355 ta.
469 1312 487 1354 1.
511 1305 543 1351 Β]
560 1312 580 1360 2,
597 1311 617 1354 ἵ.
634 1307 663 1365 1).
691 1306 718 1350 ln
734 1305 821 1349 ltalia
842 1321 932 1363 quoque,
954 1307 995 1349 im-

100 1381 174 1440 primis
189 1381 277 1432 Romae,
297 1380 367 1424 multa
382 1380 442 1423 milia
458 1380 590 1423 ludaeorum
606 1379 678 1423 sedem
698 1394 723 1423 ac
738 1379 872 1423 domicilium
888 1381 969 1423 constit
985 1407 994 1415 -

101 1457 165 1499 erant.
196 1454 223 1497 In
244 1453 407 1510 Hispaniam
428 1455 449 1497 et
472 1452 591 1497 Galliam
614 1452 658 1496 iam
680 1454 731 1496 aute
755 1452 877 1510 Angustum
899 1451 996 1497 iudaeos

101 1527 212 1587 (captivos)
230 1527 312 1570 venisse
330 1525 445 1570 verisimile
461 1529 499 1574 est,

160 1652 234 1692 Judaei
250 1653 271 1692 in
288 1653 383 1692 omnibus
399 1652 440 1692 lere
456 1652 517 1692 terris
534 1652 614 1700 exteris,
632 1652 667 1691 nbi
683 1653 865 1699 commorabantur,
881 1653 995 1704 praefectos

101 1713 198 1764 quosdam
215 1713 239 1753 de
250 1713 383 1765 popularibus
400 1713 494 1752 habuisse
504 1713 607 1761 videntur,
625 1713 661 1764 qui
671 1719 739 1753 tamen
756 1715 776 1752 et
792 1713 832 1764 ipsi
848 1713 925 1753 alienae
938 1716 995 1765 pote·

101 1775 149 1814 stati
164 1774 250 1814 subiecti
261 1776 324 1814 erant.
343 1774 424 1813 'Judaei
440 1773 523 1824 quidem
539 1774 596 1814 urbis
607 1774 727 1826 Cyrenaicae
743 1774 848 1820 Berenike,
865 1774 885 1813 id
902 1775 956 1826 quod
972 1789 994 1815 ex

100 1834 231 1885 inscriptione
251 1835 336 1875 Judaica
356 1835 386 1874 ibi
406 1834 490 1875 inventa
511 1838 601 1886 apparet,
623 1835 729 1887 proprium
746 1835 859 1892 πολίτευμα
876 1838 939 1885 erant,
962 1836 995 1877 cui

100 1908 172 1935 novem
188 1893 288 1952 ἄρχοντες
304 1896 416 1947 praeerant.
438 1896 555 1935 Seleucusi
570 1896 653 1935 Nicator
664 1895 749 1935 Judaeis
765 1896 787 1935 in
803 1896 897 1936 omnibus
908 1897 994 1936 urbibus

101 1968 148 1995 ase
164 1956 186 1995 in
202 1957 250 1997 Asia
266 1958 344 1997 minore
360 1958 381 1996 et
397 1952 456 2007 Syria
472 1957 560 1996 conditis
577 1957 681 1996 civitatem
697 1957 753 1996 dedit
769 1953 790 2013 (J
798 1969 829 1996 os.
845 1957 875 1996 Ad
890 1964 922 2005 12,
941 1963 960 1998 3.
973 1954 995 2013 i)

100 2017 160 2066 atque
182 2015 281 2074 ἄρχοντες
303 2024 342 2060 τῶν
362 2013 467 2060 Ἰουδαίων
487 2018 607 2058 Antiochiae
628 2018 796 2057 commorantium
817 2018 918 2068 deeeptus
941 2031 995 2059 com-

99 2080 196 2117 memorat
217 2077 257 2133 (BJ
274 2085 292 2127 7,
310 2085 329 2120 3.
348 2077 375 2131 3).
403 2078 512 2129 Inscriptio
533 2078 630 2129 quaedam
652 2078 674 2118 in
694 2080 745 2117 urbe
761 2079 832 2130 Lyciae
848 2078 894 2118 Tlos
912 2079 995 2120 inventa

100 2139 188 2177 testatur
208 2139 293 2179 inrisio
315 2151 396 2189 quoquc
416 2139 495 2178 minore
516 2139 635 2179 civitatibus
651 2139 742 2178 Judaicis
763 2136 855 2196 ἄρχοντα
875 2140 995 2190 praefuisse,

101 2198 157 2237 cuius
173 2212 249 2239 munus
265 2200 294 2240 ibi
310 2195 420 2256 ἀρχοντείν.
436 2200 556 2251 appellatur
578 2200 607 2239 Ex
623 2196 790 2251 inscriptionibus
801 2200 896 2240 Romanis
912 2203 995 2253 apparet

100 2257 187 2299 Judaeos
204 2261 277 2300 Romae
293 2261 407 2312 complures
423 2260 516 2300 civitates
533 2261 565 2300 sui
580 2260 631 2300 iuris
648 2258 784 2316 (συναγωγάς)
801 2257 937 2310 constituisse,
958 2268 997 2302 sna

100 2331 202 2371 quumque
222 2327 329 2373 synagoga,
351 2328 388 2361 sna
404 2323 505 2377 γερουσίᾳ,
526 2322 568 2361 suis
589 2322 741 2373 magistratibus
762 2323 861 2361 utentem.
888 2323 995 2363 Praeterea

99 2379 120 2418 in
131 2379 216 2432 imperio
227 2382 322 2430 Romano,
340 2394 385 2421 cum
397 2382 492 2421 Claudius
503 2382 587 2422 iudaeis
604 2382 740 2432 concessisset,
756 2383 781 2422 ut
797 2383 839 2422 suis
850 2383 931 2434 legibus
948 2386 993 2424 ute-

99 2442 175 2490 rentur,
197 2442 258 2482 etiam
274 2443 306 2482 ius
322 2442 455 2494 praecipuum
476 2443 577 2483 habebant
597 2443 645 2483 lites
662 2443 731 2482 civiles
753 2443 777 2481 ad
794 2444 880 2483 arbitros
902 2445 994 2495 proprios

100 2499 207 2549 deferendi,
225 2517 312 2554 quorum
324 2503 444 2543 sententiam
460 2505 542 2555 praetor
553 2504 636 2553 exsequi
647 2503 738 2551 debebat,
756 2506 817 2555 atque
829 2504 911 2544 rabbini
926 2518 996 2546 severe

99 2560 218 2612 vigilabant,
235 2577 260 2603 ne
275 2564 321 2604 lites
337 2564 362 2603 ad
378 2564 456 2603 iudices
473 2565 564 2604 ethnicos
581 2564 713 2605 deferrentur.

161 2635 253 2675 Ceterum
269 2637 338 2676 videas
354 2637 376 2677 Ε.
393 2636 518 2686 Schiirer‚
536 2637 584 2677 eJV
600 2637 653 2684 1114,
671 2623 750 2678 2470.

159 2753 208 2799 Ill.
231 2753 283 2797 tum
305 2769 399 2813 regnum
421 2754 535 2798 Persarum
562 2757 589 2798 ab
613 2755 734 2798 alexandro
757 2754 838 2813 Magno
862 2756 996 2802 destructum

99 2822 156 2867 inter
172 2825 234 2870 duces
250 2828 295 2871 eius
311 2827 448 2881 divideretur,
465 2827 589 2871 Palaestina
604 2828 661 2871 inter
677 2842 767 2886 regnum
778 2828 910 2885 Aegyptium
921 2830 994 2874 Ptole-

99 2909 209 2943 maeorum
231 2902 253 2943 et
275 2900 360 2956 Syrium
382 2899 539 2944 Seleucidarum
560 2887 631 2957 posita
654 2901 680 2944 al)
703 2901 799 2958 utrisque
821 2903 993 2960 expugnabatur.

101 2965 161 3018 Quod
176 2974 249 3015 autem
265 2973 324 3030 peius
340 2972 388 3025 fuit,
406 2987 431 3014 ex
443 2974 547 3017 continuo
564 2988 613 3016 eum
624 2972 707 3017 duobus
723 2972 766 3016 illis
782 2973 855 3031 regnis
866 2978 996 3021 commercio

99 3038 155 3084 inter
171 3042 266 3088 ludaeos
280 3045 339 3102 ipsos
355 3046 458 3103 quaedam
475 3046 541 3090 factio
558 3048 632 3089 exorta
647 3049 685 3099 est,
702 3062 755 3103 qnae
767 3046 896 3092 Graecorum
912 3050 996 3095 cultum

99 3114 163 3170 atque
184 3116 344 3163 humanitatem
366 3120 493 3164 imitabatur
515 3134 539 3163 ao
562 3120 654 3176 patriam
676 3120 803 3177 religionem
819 3122 997 3169 institutionibus
