2147 3361
503 63 581 113 Opifioia
944 71 987 116 539

92 203 191 250 gressum
211 186 313 231 interfuit
334 201 369 230 eos
390 185 467 243 perdiu
488 186 545 232 inter
566 188 685 246 Aegyptios
707 192 850 234 commoratos
874 204 928 242 esse,
950 189 987 247 qui

94 264 178 322 praeter
198 262 278 304 ceteras
300 262 374 319 gentes
394 259 481 304 cultura
497 261 591 305 omnium
607 262 689 306 artium
705 263 883 321 opificiorumque
899 262 985 307 excelle-

94 338 149 381 bant
157 339 170 381 ².
200 333 258 377 Nam
275 333 300 377 in
315 332 412 391 Aegypto
429 333 527 388 Hebraei,
547 335 585 378 etsi
598 336 722 392 pecuariam
737 336 850 389 faciebant,
873 339 945 380 tamen
961 335 987 379 ad

95 407 201 454 nonnulla
220 406 308 464 opificia
329 406 418 451 adhibiti
432 410 492 454 sunt.
523 407 585 452 'Velut
599 408 678 453 lateres
694 410 803 468 fingebant
820 413 843 455 et
860 410 985 467 coquebant,

96 481 153 542 quod
172 484 192 525 et
212 481 280 525 sacris
300 480 375 526 litteris
394 480 434 543 (llx
453 485 473 538 1,
492 481 527 542 11)
543 484 563 525 et
577 482 662 538 pictura
678 483 769 541 quadam
782 484 806 528 in
822 483 947 527 conditorio
963 482 986 525 in

96 554 260 600 Abd-el-Kurna
271 554 359 599 inventa
370 554 529 612 comprobatur,
540 570 591 613 quae
601 559 753 612 repraesentat,
764 572 805 614 quo
816 555 885 600 modo
897 555 985 600 Semitae

96 627 181 675 sedente
191 631 212 673 et
221 629 348 686 inspiciente
359 632 454 673 exactore
470 629 546 673 lateres
561 644 585 672 ex
600 630 649 673 luto
666 630 765 683 forment,
781 629 922 682 transferant,
939 627 985 672 dili-

96 705 171 762 genter
191 703 309 746 exstruant.
341 701 409 745 Etiam
429 701 455 745 in
477 702 600 758 quibusdam
621 702 713 746 urbibus
733 702 827 764 (Pithom
845 705 868 746 et
883 702 984 761 ramses)

96 775 230 822 aedificandis
252 775 346 819 Hebraei
365 774 496 819 laborabant
517 776 555 837 (ib.
570 791 588 819 r.
606 777 671 834 11)2,
703 775 763 829 duod
784 778 858 819 autem
880 774 986 832 Joseplnrs

97 849 194 907 ΗΜ.
208 857 214 895 1
234 848 352 892 memoriae
362 849 432 906 prodit
445 849 551 893 Hebraeos
566 849 591 893 ad
607 846 731 906 pyramidas
747 849 888 893 exstruendas
904 851 985 892 coactos

97 937 146 976 esse,
162 937 230 966 sacrae
246 922 333 966 litterae
347 936 391 965 non
407 921 505 966 tradunt.
532 921 628 966 bererum
644 921 667 965 id
678 937 706 965 ne
716 921 828 966 uerisimile
846 921 932 980 quidem
948 924 983 973 est,

97 996 153 1054 quod
172 1010 240 1053 neque
263 996 287 1038 in
309 995 371 1039 Delta
389 995 513 1052 pyramides
533 997 654 1039 exstructae
675 998 726 1039 sunt
746 997 766 1038 et
785 994 895 1038 maximae
915 1009 985 1037 earum

97 1069 172 1127 prioris
191 1072 243 1112 sunt
265 1068 347 1116 aetatis.
376 1069 446 1112 lltiam
468 1069 494 1112 iis
514 1068 570 1125 ipsis,
591 1083 646 1126 quae
667 1069 692 1111 in
708 1067 854 1112 Pentateucho
871 1067 897 1111 de
916 1067 985 1110 taber-

96 1141 172 1186 naculo
183 1141 280 1185 Mosaico
292 1144 313 1186 et
323 1141 455 1187 vestimentis
467 1142 598 1186 sacerdotum
609 1141 749 1185 conficiendis
764 1141 888 1193 traduntur,
905 1139 986 1183 abunde

97 1215 199 1272 probatur
214 1214 308 1258 artifices
323 1216 344 1258 et
360 1214 445 1271 opifices
461 1214 514 1258 rarii
531 1215 613 1272 generis
630 1213 689 1271 apud
704 1214 810 1258 Hebraeos
826 1214 900 1257 fuisse.
931 1213 986 1257 Nam

98 1287 165 1331 multa
180 1303 243 1344 opera
260 1288 285 1331 in
301 1302 358 1340 auro,
374 1289 471 1346 argento,
488 1289 539 1331 aere
549 1287 653 1340 facienda,
673 1287 753 1344 lapides
768 1286 885 1344 scalpendi,
902 1286 986 1344 negotia

97 1361 233 1418 polymitarii,
254 1361 360 1418 plumarii,
381 1360 522 1417 unguentarii
542 1360 659 1404 exercenda
680 1364 745 1404 erant.
776 1360 831 1405 Cum
849 1360 949 1418 Aegyptii
963 1360 986 1403 in

98 1433 142 1477 eius
162 1433 219 1477 modi
240 1434 324 1478 artibus
343 1434 476 1487 excellerent,
498 1434 554 1477 haud
573 1434 655 1477 mirum
676 1437 708 1477 est
727 1434 790 1478 etiam
810 1433 870 1477 inter
890 1447 930 1486 eos,
951 1433 986 1490 qui

98 1507 161 1550 modo
177 1522 202 1550 ex
217 1507 319 1565 Aegypto
336 1509 474 1559 excesserant,
490 1507 569 1551 multos
584 1521 660 1550 earum
677 1507 754 1550 artium
769 1506 851 1564 peritos
866 1505 937 1553 fuisse.

161 1621 207 1660 1De
224 1633 305 1660 summo
322 1621 403 1660 artificio
414 1621 563 1673 Aegyptiorum
574 1620 644 1661 rideas
661 1621 683 1660 G.
697 1622 818 1673 araspero,
837 1620 986 1673 L'arclrdologie

99 1683 224 1734 egyptienne
248 1682 306 1721 Paris
329 1686 389 1731 1877,
410 1682 432 1724 G,
451 1681 618 1730 Steindorff,
643 1683 683 1721 Das
704 1682 865 1734 Kunstgewerbe
886 1682 914 1721 im
934 1682 987 1721 alten

99 1743 207 1794 Aegypton.
227 1743 312 1795 Leipzig
330 1747 394 1791 18983
416 1743 446 1784 W.
465 1742 643 1794 Spiegelberg,
661 1743 775 1783 Geschicbte
791 1743 829 1783 der
846 1743 987 1795 aegyptiscben

99 1803 165 1844 Knnst
185 1805 215 1844 bis
236 1817 285 1843 anm
306 1804 446 1843 Hellenismus.
469 1804 496 1843 ib.
515 1809 580 1851 1903;
602 1804 633 1843 W.
651 1804 677 1842 Μ.
693 1803 815 1844 rrinaers
832 1804 928 1853 Petris,
948 1804 987 1844 The

99 1860 147 1904 Arts
162 1865 200 1904 and
216 1864 283 1904 Grafts
299 1864 321 1904 of
334 1865 420 1904 Ancient
436 1864 511 1916 Egypt.
527 1864 607 1905 london
627 1871 692 1907 1910.

161 1975 230 2014 2Urbs
247 1975 352 2014 Pithom
367 1973 422 2026 (Aeg.
434 1974 538 2027 P(r)etoar,
554 1974 612 2025 apud.
624 1973 700 2016 Herod.
710 1974 761 2015 Hist.
777 1981 796 2022 2,
811 1979 855 2016 158
873 1970 986 2030 llo'rroopo:q

99 2036 152 2086 apud
168 2038 244 2076 ceteros
262 2036 346 2076 Graecos
363 2032 450 2091 Ἡρώων
466 2035 531 2084 πόλις,
547 2031 674 2090 Heroopolis)
691 2049 742 2075 anno
759 2040 815 2078 1883
836 2034 861 2074 ab
878 2035 902 2074 Ε.
913 2035 986 2074 Nardle

100 2092 148 2150 (rae
164 2097 271 2149 storo-city
288 2097 309 2136 of
323 2096 406 2137 Pithom.
423 2096 508 2136 London
526 2092 589 2151 1885)
607 2096 630 2135 in
651 2093 849 2147 Tell-cl-llaslrrtta,
868 2095 986 2135 occidentem

99 2170 168 2197 versus
188 2172 199 2197 a
219 2158 268 2197 lacn
290 2158 369 2205 Timsab
388 2157 410 2196 in
427 2156 488 2196 Wadi
508 2157 601 2205 (domitat,
622 2157 709 2197 inventa
729 2159 764 2197 est.
795 2157 850 2197 Urbs
872 2153 986 2195 Ra‘mses

100 2215 216 2274 (aa‘amses)
234 2232 260 2258 ex
276 2219 419 2258 nonnullorum
437 2217 533 2269 opinions
548 2218 678 2257 aPharaone
694 2219 774 2258 Ramses
790 2218 816 2267 ll,
835 2218 899 2274 quiza
910 2217 987 2256 Graecis

100 2275 208 2335 tarasiae
225 2280 348 2330 appellatur,
364 2291 439 2319 nomen
457 2279 519 2318 traxit
534 2277 570 2332 (=
588 2280 653 2318 ranas
670 2278 713 2318 sire
724 2278 783 2328 Zoara
800 2278 862 2318 hodie
873 2279 920 2324 aaa
936 2291 985 2328 quae

99 2340 154 2387 urbs,
170 2340 191 2380 in
201 2340 263 2381 Delta
273 2340 316 2379 Nili
332 2340 374 2388 sita,
391 2343 435 2379 erat
452 2339 508 2379 sedes
519 2340 598 2379 Ramses
615 2338 653 2395 Π),
685 2341 712 2383 W,
723 2340 749 2380 M.
761 2341 856 2380 Fliaolcrs
867 2339 930 2378 Parra
945 2352 987 2378 eam

99 2400 120 2439 in
136 2402 200 2442 media
215 2401 277 2449 valle,
299 2414 349 2452 quae
364 2401 422 2441 Wadi
439 2399 528 2440 Tumilat
547 2405 638 2449 vocatur,
660 2414 722 2452 prope
738 2400 867 2442 Tell-Rotab
888 2400 987 2439 invenisse

99 2460 173 2501 dicitur
189 2459 222 2518 (A.
234 2462 261 2502 H.
274 2462 307 2502 llo
317 2462 375 2509 Nesla,
393 2462 434 2500 'rae
452 2461 541 2500 10011401
554 2462 642 2501 Euodus.
658 2462 741 2502 London
753 2468 817 2509 1908,
829 2459 894 2515 XIII).
920 2460 948 2499 Ex
964 2473 986 2501 eo

99 2523 170 2570 autem,
187 2524 243 2574 quod
260 2523 366 2563 memoriae
381 2521 479 2573 proditur
489 2522 588 2562 Hebraeos
602 2523 657 2562 duas
674 2523 719 2562 illas
735 2524 793 2563 urbes
809 2521 931 2569 aedificasse,
947 2534 988 2560 non

100 2583 190 2633 sequitur
210 2584 237 2623 iis
259 2584 309 2624 locis
330 2586 386 2623 antea
407 2583 471 2622 urbes
491 2595 531 2622 non
551 2583 625 2631 fnisse;
647 2583 709 2623 immo
725 2596 769 2623 vero
791 2581 898 2634 probabile
914 2584 944 2621 est
959 2582 987 2622 ibi

99 2643 137 2682 iam
154 2644 188 2684 diu
209 2646 274 2684 urbes
291 2647 359 2685 contra
379 2645 449 2683 hostes
465 2642 564 2684 irruentes
579 2645 667 2684 vallatas
683 2644 742 2684 luisse
758 2656 834 2694 easque
851 2643 875 2681 ab
892 2642 987 2682 Hebraeis

99 2704 178 2744 tantum
194 2705 328 2757 amplificatas
344 2705 449 2757 magisque
466 2706 552 2745 munitas
568 2718 618 2747 esse.

158 2822 200 2866 Lex
217 2823 319 2876 Mosaios,
335 2837 467 2880 quamquam
483 2823 565 2880 opificia
581 2838 629 2874 non
645 2822 735 2874 fovebat,
754 2824 829 2865 tamen
846 2821 946 2865 Hebraeis
962 2823 988 2866 iis

99 2907 143 2937 non
158 2895 273 2939 interdixit
288 2896 322 2940 rel
332 2911 355 2940 ea
365 2896 426 2953 parvi
443 2895 568 2949 aestimarit,
583 2881 622 2939 sed
639 2910 678 2952 pro
694 2910 751 2938 more
766 2894 824 2951 apud
842 2894 894 2937 alias
905 2910 988 2952 quoque

99 2969 172 3021 gentes
191 2969 295 3025 antiquas
315 2968 391 3012 usitato
407 2968 527 3012 industriae
542 2968 617 3025 populi
633 2966 735 3024 permisit.
766 2967 838 3024 arque
855 2982 904 3010 cum
920 2970 988 3012 aetate

99 3053 172 3097 regum
186 3042 253 3085 luxus
269 3045 374 3094 cresceret,
390 3041 458 3085 etiam
474 3043 551 3086 artium
566 3040 742 3098 opificiorumque
758 3041 845 3084 cultura
860 3040 990 3086 incrementa

100 3112 198 3167 capiebat.
231 3114 341 3171 Imprimis
356 3114 427 3158 David
444 3116 466 3157 et
481 3114 563 3159 Salomo
579 3112 724 3171 regnantibus
740 3113 803 3157 multi
821 3116 884 3157 erant
900 3114 989 3160 artifices
