2147 3361
437 62 503 99 Seotue
516 63 632 100 ludaeorum
645 81 646 84 ¹
937 67 982 111 431

82 185 243 233 :necromantios
264 184 350 228 eiecisse
371 184 448 228 dicitur
464 185 489 246 (l
505 185 541 230 Sm
557 191 592 240 38,
609 192 628 234 3.
644 187 673 247 9).
704 186 752 244 lpse
771 188 849 238 tamen,
866 187 983 242 postquam

83 275 161 305 omnes
176 259 221 302 vias
241 262 355 301 consuetas
376 258 399 300 et
418 259 537 315 permissas,
554 260 631 317 quibus
649 262 701 304 ante
722 259 802 304 bellum
819 261 895 304 contra
911 258 983 301 Phili-

85 337 156 378 staeos
171 332 270 375 exortum
290 331 324 374 dei
340 331 478 375 voluntatem
500 335 521 376 et
542 334 644 390 temporis
659 334 727 377 futuri
742 349 818 377 arcana
834 334 983 392 cognosceret,

87 407 166 451 frustra
181 406 308 457 tentaverat,
325 404 427 457 uestibus,
444 419 471 447 ne
482 408 638 463 agnosceretur,
649 407 737 450 mutatis
748 406 860 450 mulierem
871 405 984 464 quandam

85 477 236 537 pythonissam
252 477 276 521 in
292 478 346 521 urbe
358 477 434 521 nudor
449 477 582 523 habitantem
599 479 657 532 adiit,
673 482 698 523 ut
709 479 792 523 Samuel
807 482 919 524 mortuum
937 483 983 522 arte

88 553 171 612 magica
186 554 283 596 evocaret
298 553 320 595 et
337 567 363 594 ex
380 566 405 595 eo
423 551 521 596 diuinum
541 552 626 597 eliceret
647 568 777 610 responsum.
808 552 886 596 Mulier
902 555 981 604 autem,

85 628 116 672 ob
132 626 188 684 regis
203 625 343 669 interdictum
360 625 436 682 capitis
452 625 531 669 timens
546 626 671 683 periculum,
687 627 755 683 primo
769 626 845 679 renuit,
862 626 915 669 dum
930 624 982 685 Saul

88 715 136 744 eam
151 713 231 755 poenae
251 698 372 742 immunem
392 698 439 742 fore
459 699 563 755 promisit.
595 699 672 743 Statim
687 713 737 742 vero
753 698 842 756 Samuel,
864 702 983 757 antequam

86 771 215 830 pythonissa
230 786 279 815 eum
295 773 389 824 uocaret,
405 771 452 828 ipso
470 771 504 815 dei
514 775 569 816 nutu
580 787 592 815 e
602 772 686 816 tumulo
698 772 796 829 apparuit
806 774 827 815 et
837 771 883 828 regi
893 772 983 829 eiusque

86 845 139 889 tiliis
154 846 246 889 mortem
261 844 361 901 proxime
377 844 527 888 imminentem
549 844 685 888 denuntiavit
700 844 737 904 (ib.
753 860 772 888 y.
788 844 877 904 6-19).
909 844 983 888 Etiam

89 920 158 964 aetate
177 917 294 975 prophetae
310 917 383 961 Jesaia
399 917 490 961 Hebraei
510 932 572 975 saepe
592 917 617 960 cle
637 917 700 961 rebus
722 916 799 960 futuris
820 916 983 961 necromantios

86 991 229 1036 consulebant
244 1005 269 1034 ac
283 990 392 1047 propheta
408 990 539 1034 dementiam
555 1005 599 1033 esse
615 989 646 1033 ait
661 989 685 1033 in
698 990 760 1033 rebus
771 989 869 1034 vivorum
884 991 984 1033 mortuos

86 1064 197 1109 consulere
213 1063 260 1124 (Jes
276 1067 296 1111 8.
319 1063 358 1123 io).
390 1063 557 1120 Imprimisrex
573 1062 669 1106 Menasse
690 1066 756 1106 artem
775 1062 882 1120 magicam
899 1062 984 1109 divina-

89 1138 212 1194 tionemque
227 1135 345 1181 exercuisse
362 1138 384 1179 et
399 1135 560 1180 necromantios
575 1135 746 1193 [livinatoresque
757 1136 893 1179 consuluisse
904 1135 985 1179 dicitur

86 1210 169 1272 (1le
185 1214 219 1262 21,
236 1209 316 1257 6=ll
328 1208 372 1253 chr
383 1214 419 1262 33,
431 1210 461 1268 6).
482 1208 543 1253 Josia
559 1211 630 1252 autem
646 1223 681 1252 eos
697 1208 786 1252 removit
802 1208 832 1267 (H
843 1208 878 1267 Rg
889 1213 926 1262 23,
939 1210 985 1270 24).

150 1324 178 1363 lle
198 1324 257 1364 cultu
277 1323 376 1364 falsorum
397 1324 481 1363 deorum
501 1324 526 1363 ab
541 1323 637 1363 Hebraeis
659 1323 767 1364 exercitato
788 1322 877 1363 conferas
900 1323 984 1373 librum,

87 1398 151 1437 quem
166 1384 287 1436 inscriptum
303 1385 347 1432 „De
363 1384 498 1436 polytheismo
514 1385 609 1424 universo
626 1384 646 1424 et
662 1383 783 1435 quibusdam
793 1383 837 1423 eius
848 1384 918 1424 formis
929 1385 985 1436 apud

89 1446 190 1486 Hebraeos
210 1445 349 1497 finitimasque
370 1448 442 1497 gentes
463 1445 557 1485 usitatis“
574 1444 686 1496 Oeniponte
705 1450 760 1487 1908
781 1444 840 1493 edidi,
861 1445 898 1484 ubi
918 1447 986 1486 multa
1008 1440 1010 1443 ¹

90 1506 190 1558 praesidia
209 1506 317 1554 doctrinae,
340 1519 393 1557 quae
414 1506 440 1545 ad
459 1519 502 1545 eam
523 1519 565 1545 rem
586 1506 694 1557 pertinent,
710 1506 771 1545 allata
791 1507 846 1546 sunt.
877 1506 986 1546 Praeterea

90 1567 158 1608 audeas
173 1569 196 1607 Α.
213 1568 388 1619 Lemonnyer,
406 1567 433 1606 Le
453 1567 507 1606 culte
528 1566 563 1606 (les
583 1566 643 1606 dicus
663 1568 765 1618 etrangers
786 1579 811 1606 en
826 1567 889 1606 lsrael
903 1564 985 1622 (Revue

88 1629 125 1669 =des
146 1628 230 1668 sciences
246 1627 415 1680 philosophiques
431 1630 451 1668 et
467 1627 608 1679 theologiques
624 1627 657 1677 IV,
676 1633 784 1670 82—103.
802 1633 929 1671 nri-282.
951 1628 984 1676 VI,

93 1695 185 1732 32—48.
198 1689 461 1742 V11‚432-4ce).-De
478 1688 516 1728 diis
531 1688 691 1739 Babyloniorum
708 1689 728 1727 et
743 1689 877 1740 Assyriorum,
894 1701 985 1740 quorum

90 1750 113 1789 in
128 1750 187 1790 sacris
203 1750 278 1790 litteris
296 1762 356 1800 saepe
372 1749 448 1789 mentio
464 1749 493 1798 fit,
510 1749 599 1789 conferes
614 1750 641 1792 ll.
652 1749 665 1788 J
670 1750 776 1801 astrow,
791 1749 826 1789 Die
840 1750 935 1802 Religion
946 1751 985 1790 Ba-

88 1811 195 1862 byloniens
210 1811 253 1850 und
269 1810 384 1861 Assyriens.
416 1809 469 1850 chi
484 1810 553 1849 cande
572 1810 595 1849 in
610 1809 653 1849 drei
669 1810 743 1851 Teilen.
763 1810 836 1851 sieten
855 1817 984 1857 19112-12;

91 1871 234 1923 Bildermappe,
246 1871 273 1911 ib.
288 1877 352 1913 1912.
369 1872 393 1910 Α.
405 1870 512 1918 Deimel,
523 1871 628 1910 Pantheon
638 1870 790 1923 Babylonicum.
802 1872 888 1912 Nomina
899 1872 985 1912 deorum

88 1932 205 1972 cientibus
222 1931 383 1972 cuneiformibus
400 1943 499 1982 excerpta,
518 1931 594 1971 ,Romae
613 1938 675 1974 1914.

454 2139 621 2203 lippendix
646 2168 648 2172 >

322 2282 371 2335 De
396 2283 511 2335 sectis
535 2281 751 2339 dudaeorum

152 2440 255 2480 Praesidio
270 2441 377 2480 doctrinae.
389 2465 419 2470 —
430 2442 465 2482 Bl.
476 2441 586 2493 Ugolini
601 2444 658 2483 Thes.
669 2445 791 2486 xxii-J.
802 2446 984 2493 Wellhanscn‚

91 2502 129 2542 Die
140 2502 244 2541 Pharister
259 2501 302 2541 und
318 2501 351 2541 die
363 2502 483 2542 Sadduc'aer.
504 2503 554 2542 Eine
570 2503 728 2559 Untersuchung
738 2520 772 2545 nur
782 2506 867 2546 inneren
875 2506 986 2557 judischen

92 2563 213 2603 Geschichtc.
235 2562 353 2602 Greitswald
374 2568 436 2605 1874.
448 2586 477 2591 -
488 2563 510 2603 Ε.
526 2564 640 2613 Baneth,
657 2558 712 2606 llber
727 2567 765 2606 den
781 2567 886 2619 Ursprung
901 2567 938 2607 der·
949 2567 985 2607 Sa-

91 2624 166 2664 cloh'aer
184 2623 227 2663 und
242 2624 371 2664 Boethoster.
388 2623 470 2675 Leipzig
488 2630 551 2667 1882.
568 2648 598 2654 —-
614 2626 636 2668 G.
652 2627 788 2676 Hblscher,
809 2629 849 2668 Der
865 2628 986 2668 Sadduzais-

93 2698 144 2725 mus.
159 2685 209 2724 Eine
220 2685 317 2724 hritische
324 2684 484 2735 Untersuchung
495 2698 531 2724 zur·
543 2690 637 2737 spateren
645 2688 752 2738 julisenen
759 2688 985 2740 Religionsgcschichte.

93 2746 174 2798 Leipzig
192 2752 254 2789 leuc.
266 2769 295 2775 -
306 2747 330 2784 A.
347 2745 369 2784 n.
385 2745 406 2785 ll.
423 2745 546 2796 Siet'fert,
564 2748 670 2788 Pharisaer
685 2750 727 2789 und
744 2749 855 2789 Sadducter
872 2746 932 2805 (nm
943 2750 985 2799 XV,

96 2802 985 2862 mnmahsmfflbwfflmvm-Wmmm

93 2867 130 2907 Die
146 2868 250 2908 Pharister
270 2868 301 2907 bis
323 2880 349 2907 an
370 2867 402 2906 die
419 2867 516 2907 Schwelle
537 2869 571 2908 des
590 2883 656 2910 neuen
672 2866 795 2911 Testaments
813 2870 898 2921 (anh
914 2870 938 2920 V,
958 2867 986 2927 7),

92 2928 354 2969 Gr.-Lichtert'elde·Berlin
372 2933 435 2969 19119.
453 2951 482 2956 -
500 2929 521 2968 R.
538 2922 699 2983 Lcsnynshy,
721 2931 755 2971 Die
776 2932 892 2972 Saldunacr.
914 2932 987 2972 Berlin

96 2991 222 3033 1912.·—n.
234 2991 254 3030 Τ.
266 2989 389 3036 Herford,
402 2989 528 3038 Pharisaism,
543 2991 570 3031 its
581 2992 622 3032 aim
632 2993 671 3032 and
682 2994 709 3032 its
719 2992 805 3032 method.
821 2992 906 3032 London
920 3000 987 3036 1912.

92 3049 112 3093 J,
129 3050 147 3089 Z.
164 3051 339 3099 lautenbach,
356 3050 396 3089 The
413 3050 527 3090 Sadducces
544 3053 583 3091 aud
598 3053 702 3093 Pharisees
724 3049 811 3108 (Studies
827 3053 849 3092 in
865 3054 943 3094 leuish
961 3055 987 3094 li-

91 3108 501 3166 mmwemmmmn
