2218 3388
368 38 373 54 l

86 76 141 120 [254
394 71 439 108 Pars
452 72 465 108 l.
486 74 517 108 An
527 72 620 118 iquitates
635 84 698 109 sacrae

97 194 214 238 llosaicum
230 197 250 238 et
266 196 342 251 postea
358 195 385 238 ad
401 195 503 252 templum
519 195 742 252 Hierosolymitanurn
762 188 873 256 (1112115)
896 212 921 240 ex
937 197 993 255 legis

88 268 225 324 praescripto
247 268 340 328 (11123,
359 273 457 318 14-171
478 272 512 321 31,
530 273 566 317 21.
588 269 619 313 Dt
637 274 670 323 16,
689 273 724 328 16)
746 269 905 314 conveniebant
921 271 990 331 (ap-7),

97 357 157 384 sacra
177 341 283 385 faciebant
304 341 535 402 (1110111111,
553 343 598 401 13),
615 357 664 386 cum
686 342 777 395 canticis,
798 343 888 396 musica,
910 343 991 388 choreis

87 415 163 458 sacris
179 414 252 468 dabre,
269 429 321 472 rege
338 407 508 468 clementissimo,
524 416 664 459 laetabamur
680 416 776 476 (filatim.
798 415 882 469 Quibus
898 429 994 461 conven·

89 489 156 532 tibus
171 488 242 532 unitas
257 488 360 545 religiosa
376 491 398 532 et
413 488 528 532 rationalis
545 489 681 547 singularum
697 488 765 548 gentis
785 488 885 533 tribuum
906 488 990 535 conser-

94 561 195 605 vabatur·
209 564 229 605 et
250 562 426 609 confirmabatur.
456 562 512 605 Nam
533 563 665 620 quicumque
685 577 743 605 sacra
765 563 890 606 communia
911 563 992 608 liabent

99 635 166 692 eaque
182 635 326 678 communiter
342 635 415 678 eodem
431 635 478 678 loco
495 636 611 688 celebrant,
627 635 643 678 ii
658 636 730 678 minus
744 636 768 679 in
778 636 851 692 plures
862 637 992 694 respublicas

89 707 172 751 «divelli
188 705 283 764 possunt.
318 708 353 751 Ad
368 708 427 765 quod
442 708 506 752 etiam
521 708 631 765 Josephus
647 708 722 761 111,
738 713 757 756 8.
774 714 786 756 7
803 710 897 767 respicit.
958 711 960 715 ’

164 823 581 864 1Ρ101011(1101001110001111101110
603 823 657 862 illam
680 823 743 875 legem
764 836 842 864 servare
864 825 992 865 consuevisse

89 887 121 923 =et
136 884 163 923 Lc
180 890 198 931 2,
216 889 242 925 12
260 883 364 923 indicatur
379 886 400 924 et
416 884 507 935 opinione
523 897 606 935 quoque
622 884 752 923 rabbinorum
767 885 905 935 posteriorum
922 886 992 925 confir-

100 948 174 993 matur,
191 945 225 995 qui
245 958 334 996 puerum
355 945 380 984 ab
401 958 424 984 ea
443 947 506 985 aetate
527 945 551 984 ad
571 942 672 991 ieiunium
687 946 708 984 at
723 944 747 984 ad
762 945 925 987 observationem
941 947 992 999 legis

90 1008 205 1046 maturum
226 1018 269 1045 esse
290 1006 402 1045 censebant
423 1002 455 1062 (ef.
471 1006 489 1047 J.
504 1005 657 1057 Lightfoot,
679 1006 726 1046 Hor.
742 1005 801 1047 Hebr.
822 1007 849 1046 ad
869 1007 896 1046 Le
913 1014 931 1056 2,
948 1004 992 1064 12).

100 1069 129 1107 At
144 1069 196 1107 teste
208 1068 232 1107 ll.
244 1066 333 1119 Cbagiga
347 1075 363 1114 1,
377 1074 386 1108 1
406 1079 428 1106 00
444 1066 537 1119 obligatio
554 1066 595 1105 iam
612 1068 659 1106 ante
668 1067 760 1107 'aetatem
774 1067 882 1108 duodecim
894 1082 992 1108 annorum

89 1128 170 1168 adesse
187 1128 310 1167 censebatur.

165 1225 263 1272 21110110
279 1225 343 1264 fuerit
358 1224 468 1264 multitudo
484 1238 559 1273 eorum,
572 1224 614 1275 “qui
630 1224 655 1264 acl
670 1225 711 1264 tres
732 1225 879 1265 sollemnitates
900 1226 993 1268 anniver-

102 1287 165 1327 sarias
181 1286 319 1337 Hierosolyma
336 1285 488 1333 adscendebant,
505 1298 528 1325 er
544 1285 558 1324 J
565 1286 663 1337 osepho
684 1286 812 1338 cognoscitur,
829 1287 867 1337 qui
887 1288 993 1327 memoriae

101 1348 170 1400 prodit
186 1347 209 1387 ad
225 1347 322 1387 sollemne
338 1347 431 1397 paschale
448 1351 540 1390 3001100
558 1347 665 1387 hominum
681 1345 767 1387 adfuisse
786 1344 829 1403 (BJ
848 1354 866 1395 2,
887 1354 918 1390 14.
936 1348 957 1399 3)
974 1351 994 1389 et

93 1415 197 1452 ’251100
215 1420 276 1460 agnos
293 1408 398 1459 paschales
414 1409 509 1448 mactatos
526 1420 570 1447 esse
588 1404 624 1463 (ib.
642 1399 741 1463 11113).
762 1408 788 1447 Of.
804 1408 830 1448 Jo
850 1415 883 1457 12,
902 1415 935 1451 12.
956 1411 994 1450 Act

67 1484 69 1488 ⁴
103 1477 122 1519 2,
142 1477 190 1512 511.
210 1469 277 1509 Heba
291 1468 419 1508 rabbathi
436 1464 495 1511 59lb:
511 1468 617 1522 „Agrippa
632 1481 666 1507 101
683 1469 764 1519 cupiens
777 1469 833 1518 scire,
846 1472 994 1521 quantaturba

92 1531 165 1571 «fuerit
173 1529 315 1581 Hierosolymis
323 1529 345 1568 in
355 1530 453 1580 paschate,
462 1528 512 1569 dixit
520 1529 672 1569 sacerdotibus:
683 1530 779 1581 Reponite
786 1530 839 1570 mihi
847 1544 920 1570 renum
930 1545 995 1571 unum

92 1593 128 1631 -010
139 1604 260 1642 unoquoque
272 1602 330 1642 agno.
353 1591 488 1642 Seposuerunt
498 1590 610 1630 sexcenties
621 1590 675 1630 mille
691 1591 746 1641 paria
761 1596 854 1632 renum“.
876 1592 903 1631 Of.
914 1606 933 1644 p.
945 1599 994 1635 263.

165 1677 213 1716 Cum
229 1689 296 1717 omnes
314 1677 353 1717 viri
364 1677 502 1728 Hierosolyma
518 1677 650 1727 confluerent,
667 1677 706 1716 etsi
721 1679 774 1717 terra
784 1677 809 1717 iis
821 1678 894 1718 dicbus
905 1678 995 1718 custodia

103 1745 141 1779 sua
161 1738 283 1789 privabatur,
305 1738 407 1790 populum
427 1734 605 1778 10110111011010
626 1751 667 1777 non
688 1738 796 1789 oportebat,
817 1739 915 1790 quoniam
932 1739 995 1779 Jalrve

94 1800 222 1851 promiserat
242 1812 261 1839 se
281 1799 352 1851 ipsum
373 1802 447 1839 terram
466 1799 623 1847 custoditurum,
640 1801 663 1838 ut
681 1800 746 1838 hostes
761 1799 782 1839 iu
797 1813 842 1840 eam
858 1800 995 1840 incursionem

103 1862 167 1900 lacere
188 1874 228 1900 nou
249 1861 353 1901 auderent.
385 1861 414 1899 En
431 1866 464 1908 34,
482 1865 520 1901 24:
537 1860 624 1910 „Neque
645 1859 771 1911 concupiscet
790 1861 901 1912 quisquam
920 1863 995 1901 terram

93 1924 167 1969 tuam,
184 1933 229 1960 cum
245 1921 360 1969 adscendes,
377 1922 402 1960 ut
417 1933 529 1972 compareas
551 1933 619 1960 coram
635 1920 704 1969 Jabve,
722 1921 757 1960 deo
772 1923 814 1970 tuo,
836 1924 870 1961 ter
885 1922 907 1961 in
923 1925 995 1962 anno“.

103 1984 175 2033 Neque
191 1982 212 2020 in
228 1982 288 2021 sacris
306 1982 383 2022 litteris
398 1994 485 2032 usquam
500 1982 610 2021 memoriae
626 1982 839 2033 proditurvsollemnia
851 1983 995 2034 Hierosolymis

94 2044 205 2083 celebrata
226 2043 300 2094 populo
325 2043 399 2082 damno
421 2042 488 2083 fuisse.
523 2043 534 2082 1
541 2043 655 2093 cscphus
676 2044 743 2083 autem
764 2043 827 2083 tradit
850 2044 995 2095 posterioribus

104 2104 229 2156 temporibus
251 2103 372 2154 promissum
392 2103 443 2143 illud
461 2103 553 2144 divinum
570 2103 625 2143 haud
641 2116 719 2155 semper
734 2102 855 2156 praestitum
871 2117 914 2144 esse
931 2103 996 2159 (velut

104 2165 140 2205 BJ
158 2171 176 2214 2,
195 2172 226 2207 19.
245 2163 271 2219 1),
305 2164 381 2204 Verum
402 2164 546 2215 respiciendum
568 2166 606 2213 est,
623 2166 647 2204 ut
667 2164 706 2204 alia
727 2166 823 2216 promissa
840 2165 915 2213 divina,
932 2166 997 2205 itaet

94 2226 157 2266 villud
173 2229 225 2266 certa
241 2226 359 2266 condicione
379 2226 447 2265 clatum
464 2238 511 2274 esse,
528 2226 545 2265 si
556 2225 645 2265 Hebraei
659 2226 754 2266 mandata
770 2227 846 2279 Jahvae
863 2226 996 2266 1101110101]-

105 2288 214 2327 servarent.
916 2286 918 2288 ’

166 2397 213 2435 lbn
229 2392 298 2434 ε11110
315 2398 377 2447 putat
398 2396 456 2435 deum
477 2396 543 2435 verbis
564 2396 607 2436 illis
628 2396 749 2447 promisisse,
765 2409 785 2436 se
800 2398 884 2436 tantum
900 2398 997 2436 terrorem

95 2458 200 2510 sgentibus
216 2456 310 2496 finitimis
327 2457 455 2505 iniecturum,
471 2468 494 2497 ur
510 2458 593 2497 etiamsi
609 2469 688 2496 summa
703 2458 749 2497 belli
758 2458 842 2509 gerendi
853 2457 955 2508 cupiditas
966 2470 997 2497 eos

98 2518 223 2566 incessisset,
240 2520 310 2557 tamen
326 2519 401 2556 terram
417 2518 552 2558 Hebraeorum
569 2530 612 2557 non
627 2520 724 2569 peterent.
748 2518 842 2559 Similiter
859 2519 930 2557 auctor
945 2530 997 2558 com-

95 2579 206 2627 mentarii,
223 2578 258 2629 qui
269 2578 327 2622 *sapiri
337 2578 459 2627 discribitur,
476 2579 580 2619 existimat
595 2579 643 2628 fore,
659 2581 683 2618 ut
698 2580 767 2631 gentes
782 2579 882 2619 finitimae
896 2579 998 2618 Hebraeos

106 2642 128 2680 in
143 2640 200 2679 festis
216 2640 257 2679 suis
274 2639 398 2679 celebrandis
414 2645 518 2691 occupatos
535 2639 612 2679 adoriri
623 2652 646 2678 ea
656 2640 799 2691 prohibeantur
810 2640 940 2692 cogitatione,
953 2653 998 2680 cum

106 2702 243 2741 Hebraeorum
259 2701 310 2740 deus
327 2701 405 2750 priores
421 2702 485 2740 terrac
496 2701 577 2741 Ganaan
593 2701 676 2748 incolas,
693 2701 729 2752 qui
744 2701 850 2741 fortissimi
861 2701 948 2749 fuerant,
965 2714 997 2740 er·

99 2763 199 2813 pulisset,
216 2762 281 2801 multo
298 2761 369 2800 minus
386 2772 428 2800 sese
438 2761 459 2800 id
469 2764 619 2809 consecuturos,
631 2764 655 2801 ut
665 2762 765 2801 Hebraeos
776 2763 879 2813 expellant
890 2774 998 2813 eorumque

106 2829 181 2863 terram
197 2823 298 2874 subigant,
317 2822 367 2862 dum
383 2822 420 2862 deo
436 2835 471 2862 suo
487 2823 566 2862 iustum
583 2835 606 2862 ac
622 2822 714 2862 debitum
729 2824 805 2862 cultum
821 2824 933 2875 praestent.
960 2823 999 2862 Alii

97 2882 141 2940 alut
157 2885 175 2927 J.
186 2885 208 2925 D.
223 2880 373 2938 llichaelis)
390 2884 455 2922 locum
471 2883 556 2923 allatum
573 2896 615 2923 non
631 2883 660 2923 ita
675 2884 834 2936 intellegendum
851 2896 896 2923 esse
911 2886 998 2931 censent,

107 2946 166 2996 quasi
182 2946 249 2985 bostes
260 2945 401 2985 Hebraeorum
417 2944 512 2984 miraculo
528 2944 624 2996 impediti
640 2945 686 2992 sint,
704 2945 825 2995 quominus
843 2958 914 2984 eorum
924 2946 999 2985 terram

98 3010 151 3045 tum
168 3006 292 3055 invaderent,
310 3018 358 3044 cum
375 3018 443 3046 omues
458 3005 545 3045 Hebraei
569 3005 635 3045 adulti
651 3005 789 3057 Hierosolyma
810 3005 919 3046 convenire
940 3006 999 3045 debe-

106 3069 169 3115 bant,
186 3067 220 3107 sed
236 3067 331 3119 gentium
343 3066 440 3105 Hebraeis
456 3066 590 3106 finitimarum
605 3079 679 3105 morem
688 3066 749 3106 fuisse
759 3067 828 3115 videri,
840 3069 866 3106 ut
877 3080 899 3106 eo
909 3068 999 3117 tempore

100 3128 198 3168 ,indutias
219 3130 368 3176 conservarent,
390 3140 449 3178 quern
470 3128 493 3166 ad
513 3127 599 3167 modum
619 3127 708 3178 antiquis
725 3128 823 3167 trabibus
846 3128 897 3167 certi
917 3127 1000 3178 quidam
