2147 3361
516 55 588 92 Domus
955 55 1000 99 451

99 188 199 242 ’ἀνάγαιον
216 180 298 233 111614,
311 183 345 228 15.
362 178 494 238 162612),
511 193 554 235 quo
566 177 623 222 varie
640 177 767 226 utebantur;
784 174 815 218 ibi
831 174 889 217 enim
904 173 1002 231 hospites

98 255 243 312 excipiebant,
264 252 362 309 precibus
383 251 495 302 vacabant,
517 265 618 294 somnum
638 250 781 294 meridianum
802 247 922 305 capiebant,
943 262 1001 290 non-

101 341 221 385 numquam
242 327 353 368 mortuum
368 338 436 381 usque
452 323 479 367 ad
495 323 628 379 sepulturam
644 323 780 380 deponebant
801 321 851 380 (Jdc
867 325 887 373 3,
904 324 1001 368 20-25.

100 401 164 457 le
180 403 215 450 ll,
234 402 267 445 19.
284 402 319 446 23.
341 397 364 441 11
380 396 415 468 Rg
433 401 451 449 1,
469 402 493 447 23
515 400 535 448 4,
555 401 588 444 10.
611 396 652 439 Act
670 402 688 448 l,
706 402 744 446 l3;
767 400 787 448 9,
804 399 839 442 31.
857 398 897 445 393
919 398 955 442 20,
971 394 1001 454 8).

103 475 134 518 De
150 474 207 519 sellis
222 472 363 528 fornilicricis
378 470 402 513 in
415 470 482 513 sacris
492 468 571 512 litteris
583 468 640 512 nihil
650 469 777 524 reperimus;
793 483 830 511 eae
841 470 901 511 extra
911 466 1000 510 domum

99 546 168 590 'fuisse
183 544 284 588 videntur
301 543 335 604 (ci.
352 543 382 586 Dt
399 547 434 595 23,
452 547 480 590 13
491 542 522 602 s).
556 541 646 585 Foricoe
662 541 758 601 (atrapis)
775 540 797 584 ll
807 540 842 599 Rg
860 545 894 593 10,
911 544 939 586 27
956 555 1001 583 me-

101 622 227 668 merentum
238 616 379 661 ¹lilasorethae
395 615 466 666 6111616
484 613 552 674 (Qud)
569 614 685 672 legendum
701 629 744 657 esse
761 615 853 656 censent.

167 721 175 747 1
191 721 231 759 Ars
251 718 319 770 plures
341 718 504 770 contignationes
526 716 646 756 exstruendi
662 715 805 766 antiquissima
822 717 853 754 est
869 711 909 769 (Gn
929 722 961 763 11,
979 712 1000 770 4)

101 784 165 833 atque
186 781 227 820 iam
246 781 293 819 aute
309 779 411 819 diluvium
427 777 534 818 interdum
550 778 593 817 tres
610 776 773 827 contignationes
789 777 902 815 exstructas
918 788 961 815 esse
977 789 1001 815 ex

103 843 136 882 Gn
153 849 172 890 6,
192 849 217 883 16
236 840 305 892 colligi
321 841 394 891 potest.

168 937 176 963 2
193 936 251 975 Unde
273 938 317 976 orta
338 937 368 975 est
388 936 435 981 upip
455 935 582 975 ludaeorum
603 933 740 985 posteriorum
761 933 804 973 sive
824 934 859 973 illa
879 935 1001 983 membrana,

104 1012 157 1050 quae
173 998 227 1037 locos
243 998 271 1037 Dt
288 1003 306 1045 6,
324 1002 396 1043 4-9;
415 1003 447 1045 11,
464 1001 550 1038 13-21
569 994 679 1046 inscriptos
696 994 777 1034 exhibet
793 995 813 1033 et
829 994 908 1034 fistulae
924 995 1002 1046 ligneae

105 1059 183 1099 inserta
203 1058 256 1109 posti
276 1058 349 1098 ianuae
370 1057 467 1109 affigitur.
500 1056 556 1103 cuae
572 1056 641 1095 fistula
657 1055 682 1094 ab
699 1056 730 1103 iis,
752 1055 788 1106 qui
803 1055 836 1095 ret
851 1055 956 1095 introeunt
971 1057 1003 1096 rel

104 1121 185 1168 exeunt,
202 1118 301 1170 tangitur,
323 1119 344 1157 id
365 1118 420 1169 quod
440 1131 482 1158 non
503 1118 569 1157 solum
590 1116 635 1165 viri,
657 1116 691 1157 sed
712 1116 775 1156 etiam
795 1115 891 1155 mulieres
908 1118 929 1156 et
944 1116 1003 1157 liberi

105 1181 169 1220 iacere
186 1180 262 1220 debent
278 1178 312 1234 (H.
329 1180 442 1219 Berachoth
459 1185 477 1228 3,
495 1174 523 1233 3).
550 1179 662 1229 Praecepta
677 1177 782 1217 rabbinica
798 1176 823 1216 de
839 1178 919 1217 Mesusa
935 1178 1002 1218 videas

106 1243 128 1281 in
148 1241 238 1281 tractatu
259 1240 341 1281 Morosa
362 1236 444 1296 (66111,
461 1239 626 1286 Kircliheim,
649 1239 730 1289 Septem
750 1237 925 1278 1116116161661161
945 1239 1004 1296 parvi

105 1301 290 1353 Hierosolymitani.
314 1300 442 1341 Francofurti
458 1315 474 1340 a.
486 1300 511 1340 Μ.
530 1296 605 1355 1651),

168 1376 261 1415 Ceterum
276 1387 320 1413 mos
337 1375 406 1425 postes
427 1372 597 1424 inscriptionibus
617 1373 703 1412 ornandi
720 1373 771 1424 quin
786 1372 846 1412 vetus
863 1373 895 1422 sit,
917 1372 1003 1413 dubium

106 1449 147 1475 non
163 1437 200 1477 est.
228 1435 291 1482 (luem
307 1435 347 1474 iam
363 1435 417 1486 apud
433 1434 546 1486 Aegyptios
563 1434 658 1485 antiquos
675 1433 798 1473 invenimus.
824 1433 891 1473 Htiam
907 1433 965 1475 hodie
978 1430 1003 1473 'in

103 1499 149 1537 toto
166 1497 245 1536 criente
261 1496 396 1547 pervulgatus
413 1500 450 1535 est.

169 1596 178 1622 ³
195 1594 260 1641 Quare
280 1593 396 1645 saepissime
417 1593 439 1632 in
460 1593 522 1633 sacris
543 1592 618 1632 litteris
639 1593 664 1632 ad
686 1593 789 1633 columnas
810 1593 924 1644 respicitur,
945 1594 1003 1633 velut

107 1656 133 1694 Ps
151 1660 185 1704 75,
203 1662 222 1698 4.
243 1656 296 1694 Prov
313 1662 332 1701 6,
352 1662 370 1697 1.
392 1654 428 1693 Gal
445 1661 464 1703 2,
482 1662 500 1696 6.
521 1653 590 1693 Irim
608 1660 627 1701 3,
647 1660 679 1695 15.

169 1753 179 1778 4
196 1752 220 1791 Gt
237 1758 257 1799 3,
274 1757 286 1793 4
307 1752 396 1804 legimus
412 1751 512 1804 virginem
533 1763 630 1801 sponsum
646 1750 668 1789 in
683 1752 754 1791 matris
770 1751 853 1791 domum
874 1750 1003 1791 introducere

108 1811 203 1852 uoluisse.
225 1812 282 1859 cuod
292 1826 304 1852 a
313 1815 406 1852 veterum
416 1812 556 1852 Hebraeorum
567 1813 588 1851 et
598 1812 728 1852 orientalium
739 1813 820 1851 nostrae
831 1813 903 1851 aetatis
913 1813 1003 1852 moribus

104 1873 188 1913 omnino
205 1874 306 1914 abhorret.
338 1873 394 1913 Unde
411 1873 460 1913 satis
477 1874 560 1924 apparet
575 1872 597 1911 id
614 1873 720 1924 allegorice
736 1873 898 1924 intellegendum
914 1885 962 1912 esse.

171 1970 305 2012 5Phoenices
327 1972 391 2010 artem
408 1969 457 2010 vitri
478 1969 597 2011 conficiendi
618 1969 722 2010 invenisse
743 1970 846 2010 dicuntur.
878 1970 935 2017 cuod
955 1973 1004 2011 utut

103 2033 145 2080 est,
162 2031 183 2071 id
199 2033 280 2071 constat
295 2032 335 2071 iam
352 2031 500 2081 antiquissimis
512 2030 641 2081 temporibus
652 2031 768 2079 Phoenices,
779 2031 897 2083 Aegyptios,
909 2032 1003 2084 Assyrios

108 2093 185 2132 vitrum
208 2093 288 2132 novisse
310 2095 330 2132 et
346 2104 395 2131 vasa
409 2091 475 2132 vitrea
495 2091 597 2133 habuisse.
629 2092 692 2131 Velut
707 2093 729 2132 in
745 2092 883 2132 monumentis
899 2093 1005 2144 Aegyptiis

110 2149 198 2208 (Thebis)
210 2152 295 2200 vitrarii,
313 2153 349 2204 qui
360 2152 435 2203 spiritu
445 2153 522 2193 vitrum
532 2152 554 2191 in
571 2152 647 2204 species
663 2153 761 2203 plurimas
776 2153 870 2201 formant,
887 2155 1004 2193 cernuntur.

105 2214 175 2261 *Quare
191 2214 273 2254 omuino
286 2213 395 2255 verisimile
412 2226 455 2253 esse
465 2213 547 2253 videtur
557 2213 656 2253 Hebraeis
669 2227 750 2264 quoque
761 2214 838 2253 vitrum
854 2215 926 2254 notum
942 2214 1004 2254 luisse

106 2275 170 2325 atque
187 2275 227 2315 Job
239 2280 273 2324 28,
288 2281 312 2316 17
330 2273 454 2314 Hebraicum
470 2275 534 2306 1131Ξῖ
550 2274 648 2314 vocabulo
664 2270 730 2324 ὕαλος
747 2270 820 2330 (LXX),
837 2276 911 2315 6116666
927 2271 1004 2330 (Vulg.)

109 2336 230 2376 vertendum
246 2348 295 2383 esse,
313 2335 368 2386 quod
384 2336 438 2386 apud
454 2336 525 2387 gentes
542 2335 638 2385 antiquas
654 2335 709 2375 inter
724 2348 756 2374 res
773 2335 798 2374 ad
813 2336 884 2375 lurum
895 2337 916 2375 61
926 2337 1004 2375 cultum

105 2396 248 2452 delicatiorem
264 2397 390 2447 pertinentes
405 2397 556 2436 numerabatur.
583 2396 636 2436 Prov
649 2402 683 2444 23,
696 2402 721 2438 31
735 2396 823 2448 Vulgata
839 2396 921 2448 quidem
931 2396 1003 2437 vertit:

110 2457 153 2505 „Ne
164 2457 262 2497 intuearis
273 2457 350 2504 vinum,
367 2457 449 2507 quando
460 2457 555 2505 flavescit,
573 2469 620 2496 curn
636 2457 764 2508 splenduerit
779 2460 800 2496 in
810 2459 860 2497 citro
871 2458 924 2497 color
936 2458 1003 2504 eius“;

106 2518 184 2558 sedin
199 2520 259 2558 textu
274 2517 373 2557 Hebraico
390 2517 466 2568 legitur
483 2514 530 2553 01³2
546 2518 568 2557 ia
584 2519 650 2558 eutice.

173 2616 182 2642 ⁶
198 2616 291 2654 Fortasse
307 2616 364 2654 locus
375 2627 455 2665 quoque
467 2614 501 2654 Jes
515 2621 549 2662 65,
563 2621 574 2656 3
595 2615 665 2654 ecdem
680 2616 775 2666 pertinet,
791 2608 1004 2656 6161666661116666-

111 2675 158 2715 bulo
176 2664 231 2709 &³25
247 2677 301 2715 tecta
316 2675 415 2715 lateribus
431 2675 532 2727 tegulisve
548 2677 616 2715 strata
632 2676 740 2728 significari
755 2676 870 2716 existimant
880 2678 901 2715 et
911 2676 933 2715 in
945 2677 1005 2716 tectis

107 2748 171 2786 super
191 2736 267 2789 tegulis
288 2749 322 2777 eos
338 2748 394 2776 sacra
409 2735 473 2775 facere
490 2748 600 2777 consuesse
616 2737 694 2786 dicunt,
716 2737 752 2788 qui
768 2733 850 2788 magicis
866 2737 944 2776 artibus
961 2739 1005 2777 stu-

107 2796 188 2847 derent,
204 2797 305 2849 imprimis
321 2797 421 2844 mulieres,
439 2809 490 2848 quae
507 2797 532 2836 ob
550 2810 593 2837 eam
612 2810 694 2838 causam
709 2798 818 2850 replicatae
833 2799 914 2837 vocatae
931 2797 977 2838 sint.

172 2915 289 2960 Adrrototr'o.
307 2943 337 2949 —
349 2918 485 2968 Antiquorum
502 2919 696 2970 Aegyptiorum
713 2918 791 2957 aedium
807 2918 879 2958 usibus
894 2919 948 2959 vitae
964 2920 1006 2971 pri-

112 2979 170 3017 vatae
180 2980 212 3019 rel
228 2980 322 3031 publicae
333 2979 480 3019 destinatarum
496 2979 549 3019 nihil
564 2980 669 3021 remansit.
695 2980 793 3019 inventus
805 2979 930 3029 quidemest
941 2992 1007 3022 sarco-

112 3038 190 3089 phagus
203 3041 313 3081 Pharaonis
329 3041 438 3081 nennaure
454 3040 547 3095 (quartae
564 3042 636 3082 domus
652 3036 770 3091 regiae),.in
780 3052 820 3090 quo
836 3041 923 3093 figuram
935 3041 1007 3082 domus

108 3098 234 3151 descriptam
246 3102 391 3154 conspicimus,
408 3102 466 3141 cuius
478 3101 537 3140 ‘haud
550 3101 652 3141 absimiles
663 3102 712 3140 sunt
721 3100 796 3140 formae
808 3100 914 3142 domorum
924 3102 1007 3156 Aegyp-

922 3173 958 3209 29⁴
