2147 3361
406 80 501 119 Sacrificio
514 85 594 120 cruenta
607 82 693 121 universa
952 88 1004 132 311,

106 205 161 251 tavit
180 205 222 265 (Gn
236 204 334 265 22,13);
351 204 373 264 2)
394 204 450 261 quod
465 204 492 248 ad
508 204 618 249 civitatem
634 206 727 264 aliquam
743 206 879 261 expiandam,
899 205 922 249 in
938 206 998 249 cuius

107 278 281 335 regionecaedes
297 279 357 323 facta
367 281 417 330 erat,
433 277 492 321 cuius
502 294 553 322 reus
564 280 708 338 ignorabatur,
725 294 764 336 pro
776 294 808 333 eo,
825 279 850 323 de
863 295 904 336 quo
916 279 998 336 suppli-

106 353 162 396 cium
183 353 236 395 sumi
256 368 303 396 non
325 353 413 409 poterat,
434 350 515 394 animal
536 352 627 395 interfici
647 367 729 396 necesse
745 354 794 396 erat
809 352 849 412 (Dt
863 356 898 403 21,
916 353 997 413 1-9);

106 426 129 485 3)
143 425 199 483 quod
209 425 258 469 Saul
272 425 332 483 regis
343 424 455 468 crudelitas
465 424 488 467 in
500 422 625 469 Gibeonitas
638 426 703 468 morte
715 427 798 482 septem
809 411 997 469 nominenumi-

105 499 147 542 liae
158 498 201 542 eius
211 499 296 554 expiata
307 501 340 542 est
351 498 382 559 (ll
393 497 429 541 Sm
440 500 474 550 ai,
487 498 581 557 1—14);
593 499 615 558 4)
626 498 680 555 quod
693 498 763 542 Moses
774 499 802 542 ad
812 501 898 556 gentem
908 502 996 556 peccato

105 571 236 615 liberandam
251 587 313 615 suam
330 571 396 615 vitam
412 571 484 614 offerre
500 574 602 627 paratum
617 585 638 614 se
653 571 750 628 praebuit
768 571 794 631 (n
805 577 841 625 32,
852 576 886 620 32,
902 572 927 615 ci.
938 572 996 615 Item

106 650 126 697 9,
137 646 170 706 3);
186 646 208 705 ὃ)
224 644 282 702 quod
298 644 392 699 messias,
408 659 478 691 servus
492 643 583 697 Jahvae,
600 644 643 688 vita
658 648 695 687 suri
711 644 798 701 culpam
813 644 883 702 gentis
893 661 942 688 suae
953 645 996 689 luit

106 717 306 779 mmmm

168 820 175 845 1
187 819 239 867 (luae
255 819 378 859 caerimonia
388 819 412 858 ab
422 819 464 871 ipso
475 819 571 860 victimae
583 818 668 864 dominc,
679 832 719 859 non
731 819 756 858 ab
768 818 811 858 eius
823 819 894 859 vicario
906 819 947 859 lieri
959 820 994 859 cle-
1042 844 1043 847 =

105 881 171 930 bebai,
191 894 257 931 neque
274 894 286 920 a
301 880 424 929 mulieribus,
441 880 568 932 alienigenis,
589 879 662 928 stultis,
683 879 801 920 hominibus
816 880 905 920 nondum
925 881 996 920 adulta

48 933 50 939 ¹
105 944 175 990 aetate,
191 941 259 990 servis,
277 941 352 990 surdis,
370 942 429 981 caecis
444 941 536 994 legitime
552 940 691 993 peragebatur.
713 940 741 981 cf.
757 940 829 992 Siphra
842 946 874 988 11,
893 948 902 982 1
920 941 942 980 in
959 942 995 981 Bl.

104 1002 212 1055 Ugolini
227 999 286 1045 Thes.
303 1001 354 1051 XIV,
372 1007 420 1044 702.

165 1075 278 1116 Secundum
299 1075 428 1115 traditionem
448 1075 557 1115 Judaicam
578 1073 610 1127 (ll.
626 1075 683 1114 doma
699 1080 717 1124 3,
735 1081 760 1122 83
784 1082 803 1123 4,
821 1081 844 1123 23
862 1082 879 1124 b,
897 1081 916 1116 2.
933 1076 957 1115 ct.
973 1076 995 1116 G.

106 1138 221 1184 Outram,
238 1137 266 1176 De
283 1135 387 1176 sacrificiis
403 1136 416 1177 l.
434 1143 452 1178 1.
468 1149 484 1179 c.
503 1133 540 1192 15)
557 1135 681 1185 impositioni
696 1148 770 1175 manas
788 1135 883 1176 confessio
903 1138 995 1187 pcccato-

104 1211 149 1238 rum
166 1198 272 1237 coniuncta
288 1199 334 1237 erat
350 1210 411 1249 eaque
426 1198 456 1237 bis
473 1198 542 1238 verbis
559 1198 663 1248 concepta:
680 1197 788 1245 „Obsecro
806 1196 889 1246 domine,
906 1200 993 1248 peccavi,

104 1258 186 1310 deliqui,
198 1259 301 1307 rebellavi,
319 1258 356 1298 hoc
372 1261 391 1298 et
407 1257 456 1298 illud
468 1289 472 1297 .
483 1291 488 1300 .
500 1289 504 1296 .
517 1258 566 1305 leci;
578 1270 632 1298 nunc
643 1259 709 1298 autem
720 1257 868 1309 paenitentiam
879 1271 915 1311 ago
926 1259 996 1310 sitque

104 1321 154 1360 hacc
169 1315 251 1376 (hostia)
267 1318 356 1371 expiatio
371 1321 426 1358 mea“
443 1316 641 1375 (Mairnoriides,
657 1319 721 1359 Maase
738 1318 818 1358 korban
835 1331 851 1362 c,
868 1318 893 1371 3).
921 1320 995 1360 Videas

104 1382 132 1421 Lv
145 1387 162 1428 5,
176 1387 199 1433 5,
215 1380 251 1420 ubi
267 1380 292 1420 de
310 1379 407 1420 sacrificio
423 1393 458 1431 pro
474 1383 558 1431 peccato
576 1392 640 1420 sermo
656 1382 697 1420 est:
714 1380 779 1429 „tunc
791 1379 924 1430 confitebitur,
936 1381 992 1432 quod

103 1441 215 1493 peccaverit
230 1441 252 1480 in
267 1443 304 1481 eo“
322 1441 333 1480 i.
351 1454 367 1480 e.
383 1440 477 1481 clelictum
495 1441 595 1481 sacerdoti
611 1440 667 1480 fateri
683 1440 794 1481 tenebitur.

124 1564 126 1569 ν
166 1538 322 1578 ²Oonferenrlus
345 1539 376 1577 est
398 1537 448 1578 ritus
471 1539 492 1577 in
509 1538 666 1578 manumissione
689 1551 796 1578 servorum
819 1538 872 1590 apud
894 1539 994 1580 Romanos

103 1599 196 1639 usitatus.
226 1599 278 1639 Nam
296 1599 418 1650 quicumque
434 1612 514 1638 servum
530 1599 624 1639 libertate
647 1599 743 1648 donabat,
766 1612 813 1638 eum
830 1601 996 1648 manutenebat,

104 1674 150 1700 cum
166 1660 250 1700 diceret:
267 1660 329 1700 Hanc
345 1660 440 1699 baralirem
456 1658 540 1699 libcrari
557 1661 596 1701 esse
611 1661 657 1702 colo.
672 1683 702 1688 —
718 1662 736 1701 S.
749 1660 771 1700 P.
782 1660 884 1710 Festus,
901 1661 928 1701 De
945 1674 991 1700 ver-

104 1722 175 1761 borum
191 1720 306 1773 significatu
323 1733 337 1760 s.
353 1734 382 1760 v.:
399 1720 527 1769 „lianumitti
545 1734 615 1761 servus
636 1721 746 1769 dicebatur,
769 1734 815 1761 cum
836 1721 927 1761 dominus
948 1718 993 1761 eius

105 1785 140 1821 aut
156 1785 216 1833 caput
230 1781 323 1822 eiusdem
340 1781 392 1822 servi
408 1785 443 1821 aut
459 1781 516 1822 aliud
533 1782 646 1821 membrum
661 1783 732 1821 tenens
752 1781 842 1821 dicebat:
859 1782 916 1822 Ηνιννο
931 1784 994 1823 liona-
1038 1812 1041 1819 .

103 1855 147 1883 aem
163 1844 243 1883 itha-raa
259 1855 300 1883 csse
317 1843 363 1894 uolo,
380 1845 400 1882 et
416 1843 524 1883 emittebat
540 1856 586 1882 eum
603 1856 613 1882 e
628 1846 708 1885 manu“.

166 1941 246 1981 ³Levi
261 1941 311 1980 ben
328 1941 425 1980 Gcrson
440 1941 461 1979 in
477 1941 506 1980 Lv
518 1954 534 1980 c.
547 1948 571 1982 1:
588 1941 627 1990 „Eo
643 1941 758 1992 pertinebat
773 1954 871 1980 manuum
883 1942 994 1993 impositio,

103 2002 227 2054 utquisque
247 2002 332 2053 peccata
352 2014 388 2041 sua
407 2015 418 2040 a
439 2014 459 2041 se
474 2014 579 2041 removere
596 2003 615 2040 et
631 2003 654 2041 ad
670 2003 707 2041 hoc
723 2002 801 2042 animal
816 2001 922 2043 transferre
938 2003 993 2042 indi·

104 2065 176 2102 caret&
197 2063 242 2103 ntia
258 2062 390 2102 rabbinorum
406 2062 464 2110 dicta,
482 2076 534 2114 quae
551 2063 591 2102 huc
606 2064 714 2114 pertinent,
730 2063 802 2103 videas
816 2063 869 2115 apud
880 2064 913 2103 Bl.
925 2064 993 2116 Ugo-

103 2124 154 2163 lini
170 2124 226 2167 Thes.
242 2124 266 2171 ll,
286 2123 415 2166 accedi.
432 2123 535 2175 brigen.
552 2124 610 2167 Hom,
628 2131 645 2165 1.
661 2124 682 2163 in
698 2124 732 2163 Lv.
750 2122 761 2169 ὅ
780 2129 798 2166 3,
815 2124 874 2163 uisu
893 2130 924 2172 12,
943 2131 994 2167 408.

103 2185 254 2225 theodoret,
276 2183 314 2230 uu.
333 2191 366 2227 61.
382 2184 403 2223 in
419 2184 452 2224 En.
474 2184 511 2231 Qu.
531 2191 548 2225 1.
565 2185 586 2224 in
607 2186 640 2227 Lv.
656 2185 682 2227 ib.
700 2191 734 2232 80,
754 2190 804 2227 288.
823 2191 870 2228 308.
901 2185 993 2227 Euseb.

103 2246 215 2287 Demonstr.
231 2258 303 2297 evang.
323 2251 340 2295 1,
359 2253 391 2288 ib.
407 2245 433 2285 ib.
450 2251 484 2293 22,
504 2250 539 2288 85.

164 2342 260 2382 4Vidcas
277 2342 300 2382 V,
318 2342 468 2391 Thalhcier,
489 2343 531 2382 Das
548 2342 608 2394 Opfer
628 2343 661 2382 des
682 2344 738 2383 alten
761 2343 806 2382 und
827 2356 891 2383 neuen
911 2344 994 2383 Buirrles

104 2408 242 2520 &pl—“ppos
258 2404 282 2444 P.
299 2403 372 2451 Vola,
389 2403 424 2443 Die
439 2403 615 2456 Handauflegung
630 2403 683 2444 beim
700 2403 763 2456 Opfer
780 2401 846 2460 (ZAW
860 2404 910 2453 XXI,
928 2411 993 2471 1901,

163 2586 274 2626 adnotatio.
291 2609 322 2615 —
339 2585 428 2625 Similem
448 2585 513 2625 ritum
534 2585 588 2637 apud
604 2587 707 2637 aleppiae
726 2587 850 2635 invenimus,
871 2586 893 2625 de
916 2586 992 2637 quibus

103 2644 253 2688 Herodotus
269 2646 323 2686 Hist.
342 2652 360 2695 2,
379 2653 404 2689 39
421 2646 530 2686 memoriae
546 2646 620 2686 tradit:
640 2643 782 2704 Καταρέονπαι
798 2647 820 2688 δὲ
836 2646 882 2688 τάδε
898 2648 993 2701 λέγοντες

103 2713 147 2763 τῇσι
163 2707 264 2766 κεφαλῇσι
281 2704 432 2762 (victimarum),
449 2705 468 2749 εἴ
482 2722 500 2750 τι
518 2708 593 2764 μέλλοι
609 2706 622 2766 ἢ
638 2709 760 2765 opimantur
776 2709 856 2755 conon,
871 2704 994 2765 ἢΑἰγὺπτῳ

103 2774 127 2824 τῇ
149 2771 254 2825 συναπάσῃ
275 2771 342 2813 aurbu
363 2770 463 2822 vertebar,
480 2766 502 2816 ἐς
521 2768 615 2826 κεφαλὴν
636 2771 707 2827 ταυτην
728 2769 850 2825 τραπέσθαι.
881 2768 903 2807 Id
924 2770 994 2808 antem

102 2839 138 2877 per
152 2829 267 2886 universam
283 2830 401 2881 Aegyptum
420 2829 463 2870 fieri
483 2831 539 2873 κατὰ
560 2831 596 2878 τὰς
616 2831 709 2886 κεφαλὰς
725 2838 764 2873 τῶν
781 2831 886 2885 θυομένων
902 2831 994 2886 ’κτηνέων

103 2889 163 2939 atque
179 2890 225 2930 inde
241 2903 292 2940 esse,
309 2890 363 2940 qnod
379 2887 423 2932 οὐδὲ
439 2887 507 2932 ἄλλου
525 2887 606 2947 οὐδενος
620 2888 711 2948 ἐμψύχου
722 2889 819 2948 κεφαλῆς
829 2891 918 2944 *reboatur
929 2887 994 2943 Αἰγυ-

102 2951 162 2992 πτίων
178 2947 246 2999 οὐδεὶς.
267 2951 336 2990 Etiam
353 2951 464 3002 opinionem
481 2951 626 2997 satisfactionis
637 2951 721 2991 vicariae
733 2949 789 3003 apud
800 2951 910 3001 complures
921 2954 994 3003 gentes

103 3010 196 3062 antiquas
216 3012 339 3060 invenimus,
356 3012 412 3051 velut
431 3012 485 3063 apud
502 3012 622 3064 Babylonios
638 3009 669 3067 (H.
686 3012 817 3051 Zimmern
832 3011 894 3051 KAT³
912 3018 953 3054 596
967 3009 994 3068 s.)

103 3073 123 3109 et
139 3071 237 3113 Iioaiuuos
253 3071 335 3128 (Ovid.
351 3073 403 3112 Fast.
421 3080 439 3123 6,
458 3070 593 3129 ibo—162).
613 3074 703 3113 Ceterum
719 3072 743 3112 ef.
760 3071 791 3114 W.
808 3072 830 3111 R.
846 3072 939 3122 Smitlr,
956 3074 995 3114 Die

101 3129 192 3184 Religion
208 3134 243 3173 der
259 3134 416 3180 Semiten2ii).
