<?xml version="1.0" encoding="UTF-8"?>
<!DOCTYPE html PUBLIC "-//W3C//DTD XHTML 1.0 Transitional//EN"
    "http://www.w3.org/TR/xhtml1/DTD/xhtml1-transitional.dtd">
<html xmlns="http://www.w3.org/1999/xhtml" xml:lang="en" lang="en">
 <head>
  <title>
</title>
<meta http-equiv="Content-Type" content="text/html;charset=utf-8" />
  <meta name='ocr-system' content='tesseract 3.04.00' />
  <meta name='ocr-capabilities' content='ocr_page ocr_carea ocr_par ocr_line ocrx_word'/>
</head>
<body>
  <div class='ocr_page' id='page_1' title='image "./MN42078ucmf_3_0403.png"; bbox 0 0 2147 3361; ppageno 0'>
   <div class='ocr_carea' id='block_1_1' title="bbox 379 60 977 112">
    <p class='ocr_par' dir='ltr' id='par_1_1' title="bbox 379 60 977 112">
     <span class='ocr_line' id='line_1_1' title="bbox 379 60 977 112; baseline 0.03 -17"><span class='ocrx_word' id='word_1_1' title='bbox 379 106 381 109; x_wconf 22' lang='grc' dir='ltr'><strong><em>ι</em></strong></span> <span class='ocrx_word' id='word_1_2' title='bbox 452 60 513 109; x_wconf 82' lang='lat' dir='ltr'>Leges</span> <span class='ocrx_word' id='word_1_3' title='bbox 527 62 609 99; x_wconf 85' lang='lat' dir='ltr'>cibariae</span> <span class='ocrx_word' id='word_1_4' title='bbox 934 68 977 112; x_wconf 75' lang='grc'>369</span> 
     </span>
    </p>
   </div>
   <div class='ocr_carea' id='block_1_2' title="bbox 83 187 978 728">
    <p class='ocr_par' dir='ltr' id='par_1_2' title="bbox 83 187 978 728">
     <span class='ocr_line' id='line_1_2' title="bbox 83 187 977 242; baseline -0.001 -13"><span class='ocrx_word' id='word_1_5' title='bbox 83 189 134 229; x_wconf 84' lang='grc'>16616</span> <span class='ocrx_word' id='word_1_6' title='bbox 150 187 234 241; x_wconf 85' lang='lat' dir='ltr'>magicis</span> <span class='ocrx_word' id='word_1_7' title='bbox 257 201 304 228; x_wconf 88' lang='lat' dir='ltr'>curn</span> <span class='ocrx_word' id='word_1_8' title='bbox 325 187 400 228; x_wconf 84' lang='lat' dir='ltr'>ritibus</span> <span class='ocrx_word' id='word_1_9' title='bbox 421 188 510 237; x_wconf 84' lang='lat' dir='ltr'>arbores,</span> <span class='ocrx_word' id='word_1_10' title='bbox 528 202 591 242; x_wconf 86' lang='lat' dir='ltr'>agros,</span> <span class='ocrx_word' id='word_1_11' title='bbox 608 190 675 230; x_wconf 89' lang='lat' dir='ltr'>hortos</span> <span class='ocrx_word' id='word_1_12' title='bbox 694 189 818 242; x_wconf 79' lang='lat' dir='ltr'><strong>adspergere</strong></span> <span class='ocrx_word' id='word_1_13' title='bbox 834 189 930 238; x_wconf 87' lang='lat' dir='ltr'>solebant,</span> <span class='ocrx_word' id='word_1_14' title='bbox 946 203 977 229; x_wconf 85' lang='lat' dir='ltr'>ar-</span> 
     </span>
     <span class='ocr_line' id='line_1_3' title="bbox 84 249 977 303; baseline 0 -14"><span class='ocrx_word' id='word_1_15' title='bbox 84 249 666 301; x_wconf 72' lang='grc'>1116611666666666116666161666666661666616666,</span> <span class='ocrx_word' id='word_1_16' title='bbox 697 251 844 303; x_wconf 71' lang='lat' dir='ltr'>legislatorem</span> <span class='ocrx_word' id='word_1_17' title='bbox 866 252 932 290; x_wconf 83' lang='lat' dir='ltr'>autem</span> <span class='ocrx_word' id='word_1_18' title='bbox 953 251 977 290; x_wconf 89' lang='lat' dir='ltr'>ad</span> 
     </span>
     <span class='ocr_line' id='line_1_4' title="bbox 84 309 977 363; baseline -0.002 -12"><span class='ocrx_word' id='word_1_19' title='bbox 84 311 145 351; x_wconf 84' lang='lat' dir='ltr'>ritum</span> <span class='ocrx_word' id='word_1_20' title='bbox 161 309 266 361; x_wconf 85' lang='lat' dir='ltr'>quendam</span> <span class='ocrx_word' id='word_1_21' title='bbox 282 311 389 363; x_wconf 84' lang='lat' dir='ltr'>gentilium</span> <span class='ocrx_word' id='word_1_22' title='bbox 404 310 516 362; x_wconf 79' lang='lat' dir='ltr'>respexisse</span> <span class='ocrx_word' id='word_1_23' title='bbox 533 315 625 351; x_wconf 72' lang='lat' dir='ltr'>auctores</span> <span class='ocrx_word' id='word_1_24' title='bbox 640 312 700 353; x_wconf 88' lang='lat' dir='ltr'>huius</span> <span class='ocrx_word' id='word_1_25' title='bbox 716 312 832 352; x_wconf 88' lang='lat' dir='ltr'>sententiae</span> <span class='ocrx_word' id='word_1_26' title='bbox 848 325 872 352; x_wconf 84' lang='lat' dir='ltr'>ex</span> <span class='ocrx_word' id='word_1_27' title='bbox 888 311 977 352; x_wconf 85' lang='grc'>6666111-</span> 
     </span>
     <span class='ocr_line' id='line_1_5' title="bbox 84 370 973 425; baseline 0.004 -15"><span class='ocrx_word' id='word_1_28' title='bbox 84 372 141 425; x_wconf 86' lang='lat' dir='ltr'>gunt,</span> <span class='ocrx_word' id='word_1_29' title='bbox 158 371 213 422; x_wconf 91' lang='lat' dir='ltr'>quod</span> <span class='ocrx_word' id='word_1_30' title='bbox 229 372 252 411; x_wconf 91' lang='lat' dir='ltr'>in</span> <span class='ocrx_word' id='word_1_31' title='bbox 268 371 371 412; x_wconf 80' lang='lat' dir='ltr'>nonnullis</span> <span class='ocrx_word' id='word_1_32' title='bbox 387 370 489 411; x_wconf 84' lang='lat' dir='ltr'>codicibus</span> <span class='ocrx_word' id='word_1_33' title='bbox 507 372 576 411; x_wconf 86' lang='lat' dir='ltr'>textus</span> <span class='ocrx_word' id='word_1_34' title='bbox 591 372 641 411; x_wconf 83' lang='lat' dir='ltr'>LXX</span> <span class='ocrx_word' id='word_1_35' title='bbox 656 373 793 424; x_wconf 88' lang='lat' dir='ltr'>interpretum</span> <span class='ocrx_word' id='word_1_36' title='bbox 812 374 838 413; x_wconf 86' lang='lat' dir='ltr'>ad</span> <span class='ocrx_word' id='word_1_37' title='bbox 854 374 881 413; x_wconf 91' lang='lat' dir='ltr'>Dt</span> <span class='ocrx_word' id='word_1_38' title='bbox 899 378 931 420; x_wconf 76' lang='lat'>14,</span> <span class='ocrx_word' id='word_1_39' title='bbox 949 379 973 414; x_wconf 83' lang='lat'>21</span> 
     </span>
     <span class='ocr_line' id='line_1_6' title="bbox 84 430 978 493; baseline 0.004 -22"><span class='ocrx_word' id='word_1_40' title='bbox 84 432 173 472; x_wconf 73' lang='lat' dir='ltr'>ariditur:</span> <span class='ocrx_word' id='word_1_41' title='bbox 190 431 213 480; x_wconf 80' lang='grc' dir='ltr'>ὃς</span> <span class='ocrx_word' id='word_1_42' title='bbox 229 433 270 488; x_wconf 82' lang='grc' dir='ltr'>γὰρ</span> <span class='ocrx_word' id='word_1_43' title='bbox 286 439 339 476; x_wconf 75' lang='grc' dir='ltr'><strong>ποιεῖ</strong></span> <span class='ocrx_word' id='word_1_44' title='bbox 353 438 417 481; x_wconf 76' lang='lat' dir='ltr'>codro,</span> <span class='ocrx_word' id='word_1_45' title='bbox 433 430 482 474; x_wconf 70' lang='lat' dir='ltr'>ooo</span> <span class='ocrx_word' id='word_1_46' title='bbox 499 430 685 481; x_wconf 66' lang='lat' dir='ltr'>carelessness,</span> <span class='ocrx_word' id='word_1_47' title='bbox 697 430 728 476; x_wconf 75' lang='grc' dir='ltr'>ὅτι</span> <span class='ocrx_word' id='word_1_48' title='bbox 740 436 820 493; x_wconf 72' lang='grc' dir='ltr'>μήνιμά</span> <span class='ocrx_word' id='word_1_49' title='bbox 831 430 926 492; x_wconf 77' lang='grc' dir='ltr'>(μίασμα)</span> <span class='ocrx_word' id='word_1_50' title='bbox 937 431 978 476; x_wconf 78' lang='grc' dir='ltr'>ἐστι</span> 
     </span>
     <span class='ocr_line' id='line_1_7' title="bbox 84 488 977 550; baseline -0.001 -15"><span class='ocrx_word' id='word_1_51' title='bbox 84 501 110 550; x_wconf 76' lang='grc' dir='ltr'>τῷ</span> <span class='ocrx_word' id='word_1_52' title='bbox 126 494 169 550; x_wconf 75' lang='grc' dir='ltr'>θεῷ</span> <span class='ocrx_word' id='word_1_53' title='bbox 185 488 264 548; x_wconf 78' lang='grc' dir='ltr'>Ἰακώβ</span> <span class='ocrx_word' id='word_1_54' title='bbox 286 496 307 533; x_wconf 92' lang='grc'>61</span> <span class='ocrx_word' id='word_1_55' title='bbox 326 493 348 534; x_wconf 87' lang='grc'>16</span> <span class='ocrx_word' id='word_1_56' title='bbox 366 494 423 533; x_wconf 88' lang='lat' dir='ltr'>textu</span> <span class='ocrx_word' id='word_1_57' title='bbox 438 493 565 533; x_wconf 83' lang='lat' dir='ltr'>Samaritano</span> <span class='ocrx_word' id='word_1_58' title='bbox 583 493 607 532; x_wconf 89' lang='lat' dir='ltr'>ad</span> <span class='ocrx_word' id='word_1_59' title='bbox 623 494 651 533; x_wconf 87' lang='lat' dir='ltr'>Ex</span> <span class='ocrx_word' id='word_1_60' title='bbox 667 501 701 543; x_wconf 83' lang='lat'>23,</span> <span class='ocrx_word' id='word_1_61' title='bbox 720 502 747 537; x_wconf 87' lang='lat'>19</span> <span class='ocrx_word' id='word_1_62' title='bbox 766 495 894 548; x_wconf 84' lang='lat' dir='ltr'>adiungitur:</span> <span class='ocrx_word' id='word_1_63' title='bbox 912 495 977 544; x_wconf 79' lang='lat' dir='ltr'>„Haeo</span> 
     </span>
     <span class='ocr_line' id='line_1_8' title="bbox 84 553 978 606; baseline 0.001 -11"><span class='ocrx_word' id='word_1_64' title='bbox 84 556 114 595; x_wconf 90' lang='lat' dir='ltr'>est</span> <span class='ocrx_word' id='word_1_65' title='bbox 134 554 258 595; x_wconf 68' lang='lat' dir='ltr'>abominatio</span> <span class='ocrx_word' id='word_1_66' title='bbox 280 554 316 595; x_wconf 91' lang='lat' dir='ltr'>deo</span> <span class='ocrx_word' id='word_1_67' title='bbox 338 554 419 595; x_wconf 53' lang='lat' dir='ltr'>Jacobs</span> <span class='ocrx_word' id='word_1_68' title='bbox 451 553 546 606; x_wconf 88' lang='lat' dir='ltr'>Denique</span> <span class='ocrx_word' id='word_1_69' title='bbox 568 553 602 593; x_wconf 88' lang='grc'>6111</span> <span class='ocrx_word' id='word_1_70' title='bbox 622 555 681 594; x_wconf 85' lang='lat' dir='ltr'>verba</span> <span class='ocrx_word' id='word_1_71' title='bbox 702 554 764 595; x_wconf 89' lang='lat' dir='ltr'>allata</span> <span class='ocrx_word' id='word_1_72' title='bbox 786 556 811 596; x_wconf 89' lang='lat' dir='ltr'>de</span> <span class='ocrx_word' id='word_1_73' title='bbox 827 557 904 597; x_wconf 89' lang='lat' dir='ltr'>edenda</span> <span class='ocrx_word' id='word_1_74' title='bbox 919 569 978 596; x_wconf 88' lang='lat' dir='ltr'>carne</span> 
     </span>
     <span class='ocr_line' id='line_1_9' title="bbox 84 615 976 669; baseline 0.002 -15"><span class='ocrx_word' id='word_1_75' title='bbox 84 615 182 668; x_wconf 90' lang='lat' dir='ltr'>pecudum</span> <span class='ocrx_word' id='word_1_76' title='bbox 198 627 241 655; x_wconf 89' lang='lat' dir='ltr'>non</span> <span class='ocrx_word' id='word_1_77' title='bbox 258 616 403 655; x_wconf 75' lang='lat' dir='ltr'>ablactatorum</span> <span class='ocrx_word' id='word_1_78' title='bbox 418 615 460 655; x_wconf 85' lang='lat' dir='ltr'>sive</span> <span class='ocrx_word' id='word_1_79' title='bbox 476 616 634 655; x_wconf 88' lang='lat' dir='ltr'>immaturarum</span> <span class='ocrx_word' id='word_1_80' title='bbox 649 615 779 668; x_wconf 87' lang='lat' dir='ltr'>intellegunt,</span> <span class='ocrx_word' id='word_1_81' title='bbox 792 616 825 656; x_wconf 90' lang='lat' dir='ltr'>cui</span> <span class='ocrx_word' id='word_1_82' title='bbox 840 617 930 669; x_wconf 86' lang='lat' dir='ltr'>opinioni</span> <span class='ocrx_word' id='word_1_83' title='bbox 942 616 976 657; x_wconf 92' lang='lat' dir='ltr'>ad-</span> 
     </span>
     <span class='ocr_line' id='line_1_10' title="bbox 85 675 376 728; baseline 0 -12"><span class='ocrx_word' id='word_1_84' title='bbox 85 675 223 728; x_wconf 85' lang='lat' dir='ltr'>stipulandum</span> <span class='ocrx_word' id='word_1_85' title='bbox 241 688 284 716; x_wconf 92' lang='lat' dir='ltr'>esse</span> <span class='ocrx_word' id='word_1_86' title='bbox 300 689 376 716; x_wconf 89' lang='lat' dir='ltr'>censeo.</span> 
     </span>
    </p>
   </div>
   <div class='ocr_carea' id='block_1_3' title="bbox 84 770 978 1007">
    <p class='ocr_par' dir='ltr' id='par_1_3' title="bbox 84 770 978 1007">
     <span class='ocr_line' id='line_1_11' title="bbox 144 770 977 830; baseline 0.002 -18"><span class='ocrx_word' id='word_1_87' title='bbox 144 774 162 815; x_wconf 81' lang='lat' dir='ltr'>J.</span> <span class='ocrx_word' id='word_1_88' title='bbox 178 773 273 813; x_wconf 79' lang='lat' dir='ltr'>Doller</span> <span class='ocrx_word' id='word_1_89' title='bbox 293 773 323 830; x_wconf 81' lang='lat' dir='ltr'>(in</span> <span class='ocrx_word' id='word_1_90' title='bbox 338 773 441 826; x_wconf 65' lang='lat' dir='ltr'>theologie</span> <span class='ocrx_word' id='word_1_91' title='bbox 457 773 503 813; x_wconf 88' lang='lat' dir='ltr'>und</span> <span class='ocrx_word' id='word_1_92' title='bbox 520 772 628 821; x_wconf 75' lang='grc'>(11661661,</span> <span class='ocrx_word' id='word_1_93' title='bbox 646 779 709 821; x_wconf 80' lang='grc'>1909,</span> <span class='ocrx_word' id='word_1_94' title='bbox 727 770 859 829; x_wconf 72' lang='lat' dir='ltr'>ate-381)</span> <span class='ocrx_word' id='word_1_95' title='bbox 876 774 977 814; x_wconf 83' lang='lat' dir='ltr'>existimat</span> 
     </span>
     <span class='ocr_line' id='line_1_12' title="bbox 84 834 977 887; baseline 0.001 -12"><span class='ocrx_word' id='word_1_96' title='bbox 84 836 146 887; x_wconf 86' lang='lat' dir='ltr'>legem</span> <span class='ocrx_word' id='word_1_97' title='bbox 161 835 219 874; x_wconf 87' lang='lat' dir='ltr'>illam</span> <span class='ocrx_word' id='word_1_98' title='bbox 235 835 301 885; x_wconf 85' lang='lat' dir='ltr'>primo</span> <span class='ocrx_word' id='word_1_99' title='bbox 317 847 341 873; x_wconf 87' lang='lat' dir='ltr'>ex</span> <span class='ocrx_word' id='word_1_100' title='bbox 356 834 481 875; x_wconf 77' lang='lat' dir='ltr'>humanitate</span> <span class='ocrx_word' id='word_1_101' title='bbox 498 846 596 884; x_wconf 80' lang='lat' dir='ltr'>manasse,</span> <span class='ocrx_word' id='word_1_102' title='bbox 612 835 680 885; x_wconf 89' lang='lat' dir='ltr'>postea</span> <span class='ocrx_word' id='word_1_103' title='bbox 702 835 773 874; x_wconf 89' lang='lat' dir='ltr'>autem</span> <span class='ocrx_word' id='word_1_104' title='bbox 794 835 932 885; x_wconf 86' lang='lat' dir='ltr'>superstitiose</span> <span class='ocrx_word' id='word_1_105' title='bbox 952 836 977 875; x_wconf 86' lang='lat' dir='ltr'>ad</span> 
     </span>
     <span class='ocr_line' id='line_1_13' title="bbox 85 894 978 937; baseline 0 -1"><span class='ocrx_word' id='word_1_106' title='bbox 85 909 162 937; x_wconf 86' lang='lat' dir='ltr'>omnem</span> <span class='ocrx_word' id='word_1_107' title='bbox 178 896 299 935; x_wconf 83' lang='lat' dir='ltr'>mixtionem</span> <span class='ocrx_word' id='word_1_108' title='bbox 314 895 372 935; x_wconf 86' lang='lat' dir='ltr'>lactis</span> <span class='ocrx_word' id='word_1_109' title='bbox 388 898 408 936; x_wconf 91' lang='lat' dir='ltr'>et</span> <span class='ocrx_word' id='word_1_110' title='bbox 423 896 490 935; x_wconf 82' lang='lat' dir='ltr'>carnis</span> <span class='ocrx_word' id='word_1_111' title='bbox 507 895 602 936; x_wconf 82' lang='lat' dir='ltr'>tralatam</span> <span class='ocrx_word' id='word_1_112' title='bbox 621 907 667 936; x_wconf 89' lang='lat' dir='ltr'>esse.</span> <span class='ocrx_word' id='word_1_113' title='bbox 700 894 727 937; x_wconf 81' lang='lat' dir='ltr'>Of.</span> <span class='ocrx_word' id='word_1_114' title='bbox 745 895 809 935; x_wconf 87' lang='lat' dir='ltr'>etiam</span> <span class='ocrx_word' id='word_1_115' title='bbox 825 895 843 937; x_wconf 84' lang='lat' dir='ltr'>J.</span> <span class='ocrx_word' id='word_1_116' title='bbox 860 896 978 936; x_wconf 80' lang='lat' dir='ltr'>Schaiers</span> 
     </span>
     <span class='ocr_line' id='line_1_14' title="bbox 84 956 355 1007; baseline 0.007 -11"><span class='ocrx_word' id='word_1_117' title='bbox 84 956 215 1007; x_wconf 72' lang='grc'>666111,</span> <span class='ocrx_word' id='word_1_118' title='bbox 237 963 302 1007; x_wconf 82' lang='lat' dir='ltr'>xeos,</span> <span class='ocrx_word' id='word_1_119' title='bbox 321 964 355 999; x_wconf 85' lang='lat' dir='ltr'>re.</span> 
     </span>
    </p>
   </div>
   <div class='ocr_carea' id='block_1_4' title="bbox 84 1074 979 1496">
    <p class='ocr_par' dir='ltr' id='par_1_4' title="bbox 84 1074 979 1496">
     <span class='ocr_line' id='line_1_15' title="bbox 144 1074 978 1132; baseline -0.002 -13"><span class='ocrx_word' id='word_1_120' title='bbox 144 1076 167 1132; x_wconf 82' lang='grc'>9)</span> <span class='ocrx_word' id='word_1_121' title='bbox 184 1074 285 1131; x_wconf 85' lang='lat' dir='ltr'>Denique</span> <span class='ocrx_word' id='word_1_122' title='bbox 302 1074 379 1128; x_wconf 85' lang='lat' dir='ltr'>omnia,</span> <span class='ocrx_word' id='word_1_123' title='bbox 395 1090 447 1132; x_wconf 88' lang='lat' dir='ltr'>quae</span> <span class='ocrx_word' id='word_1_124' title='bbox 463 1074 530 1118; x_wconf 89' lang='lat' dir='ltr'>idolis</span> <span class='ocrx_word' id='word_1_125' title='bbox 546 1076 667 1118; x_wconf 89' lang='lat' dir='ltr'>consecrata</span> <span class='ocrx_word' id='word_1_126' title='bbox 682 1075 789 1126; x_wconf 75' lang='grc'>6666161</span> <span class='ocrx_word' id='word_1_127' title='bbox 805 1088 879 1118; x_wconf 89' lang='lat' dir='ltr'>carnes</span> <span class='ocrx_word' id='word_1_128' title='bbox 890 1074 978 1117; x_wconf 76' lang='grc'>(1116116-</span> 
     </span>
     <span class='ocr_line' id='line_1_16' title="bbox 84 1147 979 1208; baseline 0.004 -16"><span class='ocrx_word' id='word_1_129' title='bbox 84 1149 174 1192; x_wconf 85' lang='lat' dir='ltr'>molatae</span> <span class='ocrx_word' id='word_1_130' title='bbox 189 1175 220 1181; x_wconf 92' lang='lat'>—</span> <span class='ocrx_word' id='word_1_131' title='bbox 237 1148 365 1195; x_wconf 69' lang='lat' dir='ltr'>stacteo-oro.</span> <span class='ocrx_word' id='word_1_132' title='bbox 385 1147 424 1208; x_wconf 77' lang='lat' dir='ltr'>(Ex</span> <span class='ocrx_word' id='word_1_133' title='bbox 440 1152 476 1201; x_wconf 75' lang='lat'>34,</span> <span class='ocrx_word' id='word_1_134' title='bbox 495 1151 530 1196; x_wconf 83' lang='lat'>15·</span> <span class='ocrx_word' id='word_1_135' title='bbox 547 1147 573 1191; x_wconf 83' lang='lat' dir='ltr'>cf.</span> <span class='ocrx_word' id='word_1_136' title='bbox 589 1147 630 1191; x_wconf 84' lang='lat' dir='ltr'>Act</span> <span class='ocrx_word' id='word_1_137' title='bbox 647 1149 679 1200; x_wconf 84' lang='lat'>15,</span> <span class='ocrx_word' id='word_1_138' title='bbox 696 1150 736 1198; x_wconf 85' lang='grc'>29;</span> <span class='ocrx_word' id='word_1_139' title='bbox 754 1151 790 1200; x_wconf 86' lang='grc'>21,</span> <span class='ocrx_word' id='word_1_140' title='bbox 808 1147 852 1208; x_wconf 81' lang='grc'>25),</span> <span class='ocrx_word' id='word_1_141' title='bbox 869 1147 919 1204; x_wconf 72' lang='lat' dir='ltr'>qUia</span> <span class='ocrx_word' id='word_1_142' title='bbox 934 1147 979 1192; x_wconf 67' lang='lat' dir='ltr'>elus</span> 
     </span>
     <span class='ocr_line' id='line_1_17' title="bbox 84 1218 979 1281; baseline -0.001 -17"><span class='ocrx_word' id='word_1_143' title='bbox 84 1221 142 1265; x_wconf 85' lang='lat' dir='ltr'>modi</span> <span class='ocrx_word' id='word_1_144' title='bbox 158 1236 232 1265; x_wconf 90' lang='lat' dir='ltr'>carnes</span> <span class='ocrx_word' id='word_1_145' title='bbox 249 1221 358 1265; x_wconf 89' lang='lat' dir='ltr'>comedere</span> <span class='ocrx_word' id='word_1_146' title='bbox 373 1221 428 1265; x_wconf 88' lang='lat' dir='ltr'>idem</span> <span class='ocrx_word' id='word_1_147' title='bbox 444 1220 579 1279; x_wconf 85' lang='lat' dir='ltr'>significaret</span> <span class='ocrx_word' id='word_1_148' title='bbox 595 1219 651 1277; x_wconf 90' lang='lat' dir='ltr'>quod</span> <span class='ocrx_word' id='word_1_149' title='bbox 666 1218 742 1264; x_wconf 77' lang='lat' dir='ltr'>foedus</span> <span class='ocrx_word' id='word_1_150' title='bbox 759 1235 809 1264; x_wconf 84' lang='lat' dir='ltr'>cunr</span> <span class='ocrx_word' id='word_1_151' title='bbox 824 1220 864 1264; x_wconf 91' lang='lat' dir='ltr'>diis</span> <span class='ocrx_word' id='word_1_152' title='bbox 874 1220 927 1264; x_wconf 91' lang='lat' dir='ltr'>inire</span> <span class='ocrx_word' id='word_1_153' title='bbox 938 1220 979 1281; x_wconf 79' lang='lat' dir='ltr'>(Ex</span> 
     </span>
     <span class='ocr_line' id='line_1_18' title="bbox 85 1290 979 1353; baseline -0.001 -15"><span class='ocrx_word' id='word_1_154' title='bbox 85 1299 119 1351; x_wconf 74' lang='grc'>23,</span> <span class='ocrx_word' id='word_1_155' title='bbox 135 1299 169 1342; x_wconf 83' lang='grc'>32.</span> <span class='ocrx_word' id='word_1_156' title='bbox 186 1294 212 1338; x_wconf 82' lang='grc'>61.</span> <span class='ocrx_word' id='word_1_157' title='bbox 230 1294 241 1338; x_wconf 89' lang='grc'>1</span> <span class='ocrx_word' id='word_1_158' title='bbox 258 1294 299 1338; x_wconf 82' lang='lat' dir='ltr'>Cor</span> <span class='ocrx_word' id='word_1_159' title='bbox 316 1299 351 1347; x_wconf 85' lang='lat'>10,</span> <span class='ocrx_word' id='word_1_160' title='bbox 368 1293 471 1353; x_wconf 76' lang='grc'>14-21).</span> <span class='ocrx_word' id='word_1_161' title='bbox 498 1292 568 1346; x_wconf 76' lang='lat' dir='ltr'>Quare</span> <span class='ocrx_word' id='word_1_162' title='bbox 584 1293 624 1337; x_wconf 89' lang='lat' dir='ltr'>viri</span> <span class='ocrx_word' id='word_1_163' title='bbox 639 1293 668 1350; x_wconf 81' lang='lat' dir='ltr'>pii</span> <span class='ocrx_word' id='word_1_164' title='bbox 685 1296 707 1337; x_wconf 88' lang='lat' dir='ltr'>et</span> <span class='ocrx_word' id='word_1_165' title='bbox 722 1293 821 1351; x_wconf 79' lang='lat' dir='ltr'>religiosi</span> <span class='ocrx_word' id='word_1_166' title='bbox 836 1293 863 1337; x_wconf 87' lang='lat' dir='ltr'>ab</span> <span class='ocrx_word' id='word_1_167' title='bbox 880 1290 979 1337; x_wconf 83' lang='lat' dir='ltr'>omnibus</span> 
     </span>
     <span class='ocr_line' id='line_1_19' title="bbox 85 1366 977 1424; baseline -0.002 -13"><span class='ocrx_word' id='word_1_168' title='bbox 85 1367 136 1411; x_wconf 88' lang='lat' dir='ltr'>cibis</span> <span class='ocrx_word' id='word_1_169' title='bbox 156 1382 243 1411; x_wconf 86' lang='lat' dir='ltr'>mensae</span> <span class='ocrx_word' id='word_1_170' title='bbox 265 1367 424 1411; x_wconf 88' lang='lat' dir='ltr'>idololatrarum</span> <span class='ocrx_word' id='word_1_171' title='bbox 445 1367 591 1419; x_wconf 83' lang='lat' dir='ltr'>abstinebant,</span> <span class='ocrx_word' id='word_1_172' title='bbox 607 1382 634 1410; x_wconf 89' lang='grc'>66</span> <span class='ocrx_word' id='word_1_173' title='bbox 655 1367 678 1409; x_wconf 89' lang='grc'>16</span> <span class='ocrx_word' id='word_1_174' title='bbox 694 1366 816 1424; x_wconf 85' lang='lat' dir='ltr'>periculum</span> <span class='ocrx_word' id='word_1_175' title='bbox 833 1367 929 1411; x_wconf 83' lang='lat' dir='ltr'>venirent</span> <span class='ocrx_word' id='word_1_176' title='bbox 944 1367 977 1410; x_wconf 83' lang='lat' dir='ltr'>rel</span> 
     </span>
     <span class='ocr_line' id='line_1_20' title="bbox 85 1439 979 1496; baseline 0 -13"><span class='ocrx_word' id='word_1_177' title='bbox 85 1456 155 1484; x_wconf 89' lang='lat' dir='ltr'>carnes</span> <span class='ocrx_word' id='word_1_178' title='bbox 176 1441 216 1484; x_wconf 90' lang='lat' dir='ltr'>diis</span> <span class='ocrx_word' id='word_1_179' title='bbox 237 1441 360 1484; x_wconf 88' lang='lat' dir='ltr'>immolatas</span> <span class='ocrx_word' id='word_1_180' title='bbox 379 1441 412 1484; x_wconf 85' lang='lat' dir='ltr'>rel</span> <span class='ocrx_word' id='word_1_181' title='bbox 433 1455 509 1484; x_wconf 92' lang='lat' dir='ltr'>carnes</span> <span class='ocrx_word' id='word_1_182' title='bbox 530 1455 579 1483; x_wconf 84' lang='lat' dir='ltr'>cunr</span> <span class='ocrx_word' id='word_1_183' title='bbox 595 1440 699 1496; x_wconf 85' lang='lat' dir='ltr'>sanguine</span> <span class='ocrx_word' id='word_1_184' title='bbox 714 1439 750 1483; x_wconf 86' lang='lat' dir='ltr'>rel</span> <span class='ocrx_word' id='word_1_185' title='bbox 767 1454 842 1483; x_wconf 84' lang='lat' dir='ltr'>carnes</span> <span class='ocrx_word' id='word_1_186' title='bbox 857 1439 979 1494; x_wconf 88' lang='lat' dir='ltr'>immundas</span> 
     </span>
    </p>
   </div>
   <div class='ocr_carea' id='block_1_5' title="bbox 85 1513 704 1575">
    <p class='ocr_par' dir='ltr' id='par_1_5' title="bbox 85 1513 704 1575">
     <span class='ocr_line' id='line_1_21' title="bbox 85 1513 704 1575; baseline 0.008 -18"><span class='ocrx_word' id='word_1_187' title='bbox 85 1513 208 1558; x_wconf 89' lang='lat' dir='ltr'>comedendi</span> <span class='ocrx_word' id='word_1_188' title='bbox 225 1513 261 1575; x_wconf 75' lang='lat' dir='ltr'>[cf.</span> <span class='ocrx_word' id='word_1_189' title='bbox 277 1514 313 1557; x_wconf 89' lang='grc'>116</span> <span class='ocrx_word' id='word_1_190' title='bbox 330 1519 349 1567; x_wconf 87' lang='grc'>1,</span> <span class='ocrx_word' id='word_1_191' title='bbox 366 1519 385 1562; x_wconf 81' lang='grc'>8,</span> <span class='ocrx_word' id='word_1_192' title='bbox 400 1514 445 1557; x_wconf 79' lang='lat' dir='ltr'>rob</span> <span class='ocrx_word' id='word_1_193' title='bbox 463 1518 483 1567; x_wconf 85' lang='lat'>1,</span> <span class='ocrx_word' id='word_1_194' title='bbox 501 1518 536 1561; x_wconf 87' lang='grc'>12.</span> <span class='ocrx_word' id='word_1_195' title='bbox 553 1513 608 1557; x_wconf 82' lang='lat' dir='ltr'>Jdth</span> <span class='ocrx_word' id='word_1_196' title='bbox 625 1518 657 1566; x_wconf 85' lang='grc'>12,</span> <span class='ocrx_word' id='word_1_197' title='bbox 674 1514 704 1573; x_wconf 81' lang='grc'>2).</span> 
     </span>
    </p>
   </div>
   <div class='ocr_carea' id='block_1_6' title="bbox 85 1615 982 2876">
    <p class='ocr_par' dir='ltr' id='par_1_6' title="bbox 85 1615 982 2876">
     <span class='ocr_line' id='line_1_22' title="bbox 144 1615 979 1666; baseline 0 -10"><span class='ocrx_word' id='word_1_198' title='bbox 144 1617 261 1657; x_wconf 68' lang='grc'>6116616116.</span> <span class='ocrx_word' id='word_1_199' title='bbox 272 1639 303 1644; x_wconf 79' lang='lat'>—-</span> <span class='ocrx_word' id='word_1_200' title='bbox 316 1616 388 1656; x_wconf 86' lang='lat' dir='ltr'>&#39;lextus</span> <span class='ocrx_word' id='word_1_201' title='bbox 403 1617 430 1655; x_wconf 86' lang='grc'>111</span> <span class='ocrx_word' id='word_1_202' title='bbox 448 1621 483 1665; x_wconf 80' lang='lat'>14,</span> <span class='ocrx_word' id='word_1_203' title='bbox 503 1621 574 1658; x_wconf 82' lang='grc'>3-21</span> <span class='ocrx_word' id='word_1_204' title='bbox 593 1615 696 1666; x_wconf 83' lang='lat' dir='ltr'>antiquior</span> <span class='ocrx_word' id='word_1_205' title='bbox 711 1615 819 1656; x_wconf 86' lang='lat' dir='ltr'>habendus</span> <span class='ocrx_word' id='word_1_206' title='bbox 836 1616 866 1655; x_wconf 87' lang='lat' dir='ltr'>est</span> <span class='ocrx_word' id='word_1_207' title='bbox 881 1616 979 1656; x_wconf 68' lang='lat' dir='ltr'>textrilia</span> 
     </span>
     <span class='ocr_line' id='line_1_23' title="bbox 88 1675 978 1729; baseline -0.006 -9"><span class='ocrx_word' id='word_1_208' title='bbox 88 1685 123 1728; x_wconf 91' lang='grc'>11,·</span> <span class='ocrx_word' id='word_1_209' title='bbox 137 1683 217 1726; x_wconf 75' lang='grc'>2-47,</span> <span class='ocrx_word' id='word_1_210' title='bbox 235 1677 326 1729; x_wconf 88' lang='lat' dir='ltr'>primum</span> <span class='ocrx_word' id='word_1_211' title='bbox 342 1676 394 1728; x_wconf 90' lang='lat' dir='ltr'>quod</span> <span class='ocrx_word' id='word_1_212' title='bbox 409 1675 554 1716; x_wconf 77' lang='lat' dir='ltr'>additamentis</span> <span class='ocrx_word' id='word_1_213' title='bbox 571 1677 591 1715; x_wconf 91' lang='grc'>61</span> <span class='ocrx_word' id='word_1_214' title='bbox 607 1676 776 1726; x_wconf 87' lang='lat' dir='ltr'>explicationibus</span> <span class='ocrx_word' id='word_1_215' title='bbox 793 1678 854 1728; x_wconf 78' lang='lat' dir='ltr'>caret,</span> <span class='ocrx_word' id='word_1_216' title='bbox 871 1690 921 1728; x_wconf 90' lang='lat' dir='ltr'>quae</span> <span class='ocrx_word' id='word_1_217' title='bbox 931 1689 978 1728; x_wconf 82' lang='lat' dir='ltr'>pro-</span> 
     </span>
     <span class='ocr_line' id='line_1_24' title="bbox 86 1736 979 1791; baseline -0.001 -13"><span class='ocrx_word' id='word_1_218' title='bbox 86 1739 187 1791; x_wconf 87' lang='lat' dir='ltr'>grediente</span> <span class='ocrx_word' id='word_1_219' title='bbox 203 1738 287 1778; x_wconf 90' lang='lat' dir='ltr'>demum</span> <span class='ocrx_word' id='word_1_220' title='bbox 302 1739 390 1789; x_wconf 91' lang='lat' dir='ltr'>tempore</span> <span class='ocrx_word' id='word_1_221' title='bbox 405 1737 472 1777; x_wconf 88' lang='lat' dir='ltr'>textui</span> <span class='ocrx_word' id='word_1_222' title='bbox 489 1736 536 1776; x_wconf 87' lang='lat' dir='ltr'>addi</span> <span class='ocrx_word' id='word_1_223' title='bbox 548 1736 623 1785; x_wconf 80' lang='lat' dir='ltr'>solent3</span> <span class='ocrx_word' id='word_1_224' title='bbox 635 1736 705 1777; x_wconf 87' lang='lat' dir='ltr'>deinde</span> <span class='ocrx_word' id='word_1_225' title='bbox 717 1738 774 1789; x_wconf 89' lang='lat' dir='ltr'>quod</span> <span class='ocrx_word' id='word_1_226' title='bbox 785 1738 904 1777; x_wconf 87' lang='lat' dir='ltr'>concinnam</span> <span class='ocrx_word' id='word_1_227' title='bbox 914 1738 979 1790; x_wconf 88' lang='lat' dir='ltr'>legem</span> 
     </span>
     <span class='ocr_line' id='line_1_25' title="bbox 86 1797 980 1848; baseline -0.001 -9"><span class='ocrx_word' id='word_1_228' title='bbox 86 1801 110 1839; x_wconf 87' lang='lat' dir='ltr'>de</span> <span class='ocrx_word' id='word_1_229' title='bbox 125 1800 185 1839; x_wconf 88' lang='lat' dir='ltr'>rebus</span> <span class='ocrx_word' id='word_1_230' title='bbox 206 1798 335 1839; x_wconf 79' lang='lat' dir='ltr'>comedendis</span> <span class='ocrx_word' id='word_1_231' title='bbox 355 1800 375 1838; x_wconf 89' lang='lat' dir='ltr'>et</span> <span class='ocrx_word' id='word_1_232' title='bbox 393 1811 434 1837; x_wconf 89' lang='lat' dir='ltr'>non</span> <span class='ocrx_word' id='word_1_233' title='bbox 456 1797 586 1838; x_wconf 80' lang='lat' dir='ltr'>comedendis</span> <span class='ocrx_word' id='word_1_234' title='bbox 603 1798 696 1848; x_wconf 88' lang='lat' dir='ltr'>continet,</span> <span class='ocrx_word' id='word_1_235' title='bbox 714 1810 763 1838; x_wconf 89' lang='lat' dir='ltr'>cum</span> <span class='ocrx_word' id='word_1_236' title='bbox 779 1798 812 1838; x_wconf 92' lang='lat' dir='ltr'>lex</span> <span class='ocrx_word' id='word_1_237' title='bbox 827 1799 857 1839; x_wconf 83' lang='lat' dir='ltr'>Lx</span> <span class='ocrx_word' id='word_1_238' title='bbox 872 1798 918 1838; x_wconf 93' lang='lat' dir='ltr'>inde</span> <span class='ocrx_word' id='word_1_239' title='bbox 934 1812 945 1837; x_wconf 91' lang='lat' dir='ltr'>a</span> <span class='ocrx_word' id='word_1_240' title='bbox 960 1812 980 1838; x_wconf 83' lang='lat' dir='ltr'>r.</span> 
     </span>
     <span class='ocr_line' id='line_1_26' title="bbox 87 1858 979 1912; baseline -0.006 -9"><span class='ocrx_word' id='word_1_241' title='bbox 87 1868 112 1903; x_wconf 81' lang='lat'>29</span> <span class='ocrx_word' id='word_1_242' title='bbox 130 1860 154 1900; x_wconf 91' lang='lat' dir='ltr'>ad</span> <span class='ocrx_word' id='word_1_243' title='bbox 170 1859 301 1901; x_wconf 88' lang='lat' dir='ltr'>casuistioam</span> <span class='ocrx_word' id='word_1_244' title='bbox 317 1859 470 1910; x_wconf 88' lang='lat' dir='ltr'>inquisitionem</span> <span class='ocrx_word' id='word_1_245' title='bbox 487 1858 512 1898; x_wconf 92' lang='lat' dir='ltr'>de</span> <span class='ocrx_word' id='word_1_246' title='bbox 528 1859 588 1898; x_wconf 87' lang='lat' dir='ltr'>rebus</span> <span class='ocrx_word' id='word_1_247' title='bbox 604 1859 710 1911; x_wconf 80' lang='lat' dir='ltr'>tangendis</span> <span class='ocrx_word' id='word_1_248' title='bbox 727 1861 749 1899; x_wconf 91' lang='lat' dir='ltr'>et</span> <span class='ocrx_word' id='word_1_249' title='bbox 765 1871 808 1899; x_wconf 91' lang='lat' dir='ltr'>non</span> <span class='ocrx_word' id='word_1_250' title='bbox 824 1859 930 1912; x_wconf 80' lang='lat' dir='ltr'>tangendis</span> <span class='ocrx_word' id='word_1_251' title='bbox 945 1859 979 1898; x_wconf 91' lang='lat' dir='ltr'>de-</span> 
     </span>
     <span class='ocr_line' id='line_1_27' title="bbox 85 1919 980 1972; baseline -0.002 -11"><span class='ocrx_word' id='word_1_252' title='bbox 85 1923 161 1971; x_wconf 80' lang='lat' dir='ltr'>flectat3</span> <span class='ocrx_word' id='word_1_253' title='bbox 177 1923 223 1961; x_wconf 88' lang='lat' dir='ltr'>tum</span> <span class='ocrx_word' id='word_1_254' title='bbox 240 1920 295 1972; x_wconf 88' lang='lat' dir='ltr'>quod</span> <span class='ocrx_word' id='word_1_255' title='bbox 311 1921 354 1972; x_wconf 85' lang='lat' dir='ltr'>lege</span> <span class='ocrx_word' id='word_1_256' title='bbox 369 1920 393 1959; x_wconf 92' lang='lat' dir='ltr'>de</span> <span class='ocrx_word' id='word_1_257' title='bbox 408 1919 519 1971; x_wconf 77' lang='lat' dir='ltr'>reptilibus</span> <span class='ocrx_word' id='word_1_258' title='bbox 536 1920 557 1958; x_wconf 90' lang='grc'>61</span> <span class='ocrx_word' id='word_1_259' title='bbox 572 1919 654 1960; x_wconf 88' lang='grc'>16666116</span> <span class='ocrx_word' id='word_1_260' title='bbox 671 1920 731 1970; x_wconf 84' lang='lat' dir='ltr'>caret,</span> <span class='ocrx_word' id='word_1_261' title='bbox 750 1933 802 1971; x_wconf 90' lang='lat' dir='ltr'>quas</span> <span class='ocrx_word' id='word_1_262' title='bbox 815 1920 917 1960; x_wconf 85' lang='lat' dir='ltr'>comedere</span> <span class='ocrx_word' id='word_1_263' title='bbox 928 1919 980 1960; x_wconf 88' lang='lat' dir='ltr'>anti-</span> 
     </span>
     <span class='ocr_line' id='line_1_28' title="bbox 87 1979 980 2033; baseline -0.001 -11"><span class='ocrx_word' id='word_1_264' title='bbox 87 1982 154 2033; x_wconf 88' lang='lat' dir='ltr'>quitus</span> <span class='ocrx_word' id='word_1_265' title='bbox 170 1995 219 2022; x_wconf 86' lang='lat' dir='ltr'>sane</span> <span class='ocrx_word' id='word_1_266' title='bbox 235 1993 295 2021; x_wconf 89' lang='lat' dir='ltr'>nemo</span> <span class='ocrx_word' id='word_1_267' title='bbox 312 1981 411 2033; x_wconf 86' lang='lat' dir='ltr'>cupiebat;</span> <span class='ocrx_word' id='word_1_268' title='bbox 429 1980 518 2031; x_wconf 88' lang='lat' dir='ltr'>denique</span> <span class='ocrx_word' id='word_1_269' title='bbox 535 1980 590 2031; x_wconf 91' lang='lat' dir='ltr'>quod</span> <span class='ocrx_word' id='word_1_270' title='bbox 600 1980 706 2020; x_wconf 86' lang='lat' dir='ltr'>discrimen</span> <span class='ocrx_word' id='word_1_271' title='bbox 716 1979 774 2020; x_wconf 80' lang='lat' dir='ltr'>inter</span> <span class='ocrx_word' id='word_1_272' title='bbox 784 1981 827 2014; x_wconf 58' lang='grc'>11111</span> <span class='ocrx_word' id='word_1_273' title='bbox 838 1982 860 2021; x_wconf 89' lang='grc'>61</span> <span class='ocrx_word' id='word_1_274' title='bbox 869 1982 915 2030; x_wconf 63' lang='lat' dir='ltr'>VM,</span> <span class='ocrx_word' id='word_1_275' title='bbox 927 1981 980 2033; x_wconf 86' lang='lat' dir='ltr'>quod</span> 
     </span>
     <span class='ocr_line' id='line_1_29' title="bbox 85 2041 980 2094; baseline -0.001 -11"><span class='ocrx_word' id='word_1_276' title='bbox 85 2043 212 2083; x_wconf 79' lang='lat' dir='ltr'>Judaismum</span> <span class='ocrx_word' id='word_1_277' title='bbox 230 2042 363 2094; x_wconf 84' lang='lat' dir='ltr'>posteriorem</span> <span class='ocrx_word' id='word_1_278' title='bbox 378 2042 460 2091; x_wconf 88' lang='lat' dir='ltr'>redolet,</span> <span class='ocrx_word' id='word_1_279' title='bbox 478 2042 565 2092; x_wconf 85' lang='lat' dir='ltr'>ignorat.</span> <span class='ocrx_word' id='word_1_280' title='bbox 596 2041 662 2092; x_wconf 84' lang='lat' dir='ltr'>Atque</span> <span class='ocrx_word' id='word_1_281' title='bbox 681 2054 728 2081; x_wconf 89' lang='lat' dir='ltr'>cum</span> <span class='ocrx_word' id='word_1_282' title='bbox 744 2041 787 2081; x_wconf 89' lang='lat' dir='ltr'>iam</span> <span class='ocrx_word' id='word_1_283' title='bbox 803 2044 850 2082; x_wconf 90' lang='lat' dir='ltr'>ante</span> <span class='ocrx_word' id='word_1_284' title='bbox 866 2044 933 2082; x_wconf 85' lang='lat' dir='ltr'>Mosen</span> <span class='ocrx_word' id='word_1_285' title='bbox 947 2042 980 2082; x_wconf 90' lang='lat' dir='ltr'>lex</span> 
     </span>
     <span class='ocr_line' id='line_1_30' title="bbox 87 2100 980 2155; baseline -0.003 -11"><span class='ocrx_word' id='word_1_286' title='bbox 87 2104 183 2155; x_wconf 82' lang='lat' dir='ltr'>quaedam</span> <span class='ocrx_word' id='word_1_287' title='bbox 199 2118 211 2143; x_wconf 90' lang='lat' dir='ltr'>a</span> <span class='ocrx_word' id='word_1_288' title='bbox 227 2102 348 2155; x_wconf 84' lang='lat' dir='ltr'>patriarchis</span> <span class='ocrx_word' id='word_1_289' title='bbox 363 2104 441 2154; x_wconf 88' lang='lat' dir='ltr'>accepta</span> <span class='ocrx_word' id='word_1_290' title='bbox 457 2101 483 2141; x_wconf 91' lang='lat' dir='ltr'>de</span> <span class='ocrx_word' id='word_1_291' title='bbox 500 2100 617 2141; x_wconf 81' lang='lat' dir='ltr'>discrimine</span> <span class='ocrx_word' id='word_1_292' title='bbox 633 2102 752 2142; x_wconf 89' lang='lat' dir='ltr'>animalium</span> <span class='ocrx_word' id='word_1_293' title='bbox 768 2103 892 2143; x_wconf 90' lang='lat' dir='ltr'>mundorum</span> <span class='ocrx_word' id='word_1_294' title='bbox 908 2105 927 2142; x_wconf 91' lang='lat' dir='ltr'>et</span> <span class='ocrx_word' id='word_1_295' title='bbox 941 2103 980 2141; x_wconf 92' lang='lat' dir='ltr'>im-</span> 
     </span>
     <span class='ocr_line' id='line_1_31' title="bbox 86 2162 980 2216; baseline -0.003 -11"><span class='ocrx_word' id='word_1_296' title='bbox 86 2165 207 2205; x_wconf 85' lang='lat' dir='ltr'>mundorum</span> <span class='ocrx_word' id='word_1_297' title='bbox 230 2163 338 2213; x_wconf 90' lang='lat' dir='ltr'>exstiterit,</span> <span class='ocrx_word' id='word_1_298' title='bbox 355 2163 439 2203; x_wconf 85' lang='lat' dir='ltr'>fortasse</span> <span class='ocrx_word' id='word_1_299' title='bbox 462 2162 621 2202; x_wconf 86' lang='lat' dir='ltr'>existimandum</span> <span class='ocrx_word' id='word_1_300' title='bbox 643 2164 673 2203; x_wconf 87' lang='grc'>661</span> <span class='ocrx_word' id='word_1_301' title='bbox 694 2164 764 2216; x_wconf 83' lang='lat' dir='ltr'>legem</span> <span class='ocrx_word' id='word_1_302' title='bbox 787 2164 815 2203; x_wconf 87' lang='grc'>111</span> <span class='ocrx_word' id='word_1_303' title='bbox 839 2176 882 2204; x_wconf 90' lang='grc'>6666</span> <span class='ocrx_word' id='word_1_304' title='bbox 897 2164 980 2204; x_wconf 82' lang='lat' dir='ltr'>sormam</span> 
     </span>
     <span class='ocr_line' id='line_1_32' title="bbox 85 2223 980 2277; baseline -0.002 -12"><span class='ocrx_word' id='word_1_305' title='bbox 85 2226 139 2266; x_wconf 89' lang='lat' dir='ltr'>illius</span> <span class='ocrx_word' id='word_1_306' title='bbox 159 2226 210 2277; x_wconf 86' lang='lat' dir='ltr'>legis</span> <span class='ocrx_word' id='word_1_307' title='bbox 227 2225 282 2264; x_wconf 85' lang='lat' dir='ltr'>Mose</span> <span class='ocrx_word' id='word_1_308' title='bbox 303 2224 441 2275; x_wconf 74' lang='lat' dir='ltr'>antiquiorem,</span> <span class='ocrx_word' id='word_1_309' title='bbox 474 2224 544 2275; x_wconf 80' lang='lat' dir='ltr'>Atque</span> <span class='ocrx_word' id='word_1_310' title='bbox 566 2223 619 2263; x_wconf 87' lang='lat' dir='ltr'>haud</span> <span class='ocrx_word' id='word_1_311' title='bbox 639 2225 699 2275; x_wconf 88' lang='lat' dir='ltr'>pauci</span> <span class='ocrx_word' id='word_1_312' title='bbox 721 2225 763 2265; x_wconf 87' lang='lat' dir='ltr'>viri</span> <span class='ocrx_word' id='word_1_313' title='bbox 780 2224 835 2264; x_wconf 88' lang='lat' dir='ltr'>docti</span> <span class='ocrx_word' id='word_1_314' title='bbox 851 2224 980 2265; x_wconf 86' lang='lat' dir='ltr'>iudicandum</span> 
     </span>
     <span class='ocr_line' id='line_1_33' title="bbox 86 2283 979 2337; baseline -0.001 -11"><span class='ocrx_word' id='word_1_315' title='bbox 86 2299 128 2326; x_wconf 90' lang='lat' dir='ltr'>esse</span> <span class='ocrx_word' id='word_1_316' title='bbox 148 2287 233 2326; x_wconf 90' lang='lat' dir='ltr'>censent</span> <span class='ocrx_word' id='word_1_317' title='bbox 254 2285 319 2337; x_wconf 89' lang='lat' dir='ltr'>legem</span> <span class='ocrx_word' id='word_1_318' title='bbox 334 2298 345 2324; x_wconf 90' lang='lat' dir='ltr'>a</span> <span class='ocrx_word' id='word_1_319' title='bbox 361 2285 413 2325; x_wconf 83' lang='lat' dir='ltr'>Mose</span> <span class='ocrx_word' id='word_1_320' title='bbox 429 2284 450 2324; x_wconf 89' lang='lat' dir='ltr'>in</span> <span class='ocrx_word' id='word_1_321' title='bbox 467 2285 537 2323; x_wconf 89' lang='lat' dir='ltr'>monte</span> <span class='ocrx_word' id='word_1_322' title='bbox 557 2283 611 2323; x_wconf 78' lang='lat' dir='ltr'>Sinai</span> <span class='ocrx_word' id='word_1_323' title='bbox 631 2285 711 2325; x_wconf 89' lang='lat' dir='ltr'>nornine</span> <span class='ocrx_word' id='word_1_324' title='bbox 728 2285 806 2325; x_wconf 83' lang='lat' dir='ltr'>Jahvae</span> <span class='ocrx_word' id='word_1_325' title='bbox 827 2285 902 2325; x_wconf 88' lang='lat' dir='ltr'>editam</span> <span class='ocrx_word' id='word_1_326' title='bbox 917 2286 979 2337; x_wconf 85' lang='lat' dir='ltr'>ipsam</span> 
     </span>
     <span class='ocr_line' id='line_1_34' title="bbox 86 2345 982 2399; baseline -0.003 -11"><span class='ocrx_word' id='word_1_327' title='bbox 86 2348 148 2399; x_wconf 83' lang='lat' dir='ltr'>legem</span> <span class='ocrx_word' id='word_1_328' title='bbox 165 2348 191 2387; x_wconf 89' lang='lat' dir='ltr'>Dt</span> <span class='ocrx_word' id='word_1_329' title='bbox 208 2359 251 2387; x_wconf 88' lang='grc'>6666</span> <span class='ocrx_word' id='word_1_330' title='bbox 267 2345 389 2396; x_wconf 87' lang='lat' dir='ltr'>eandemque</span> <span class='ocrx_word' id='word_1_331' title='bbox 404 2346 433 2385; x_wconf 84' lang='lat' dir='ltr'>Lv</span> <span class='ocrx_word' id='word_1_332' title='bbox 454 2345 603 2397; x_wconf 82' lang='lat' dir='ltr'>agnoscendam</span> <span class='ocrx_word' id='word_1_333' title='bbox 622 2358 665 2385; x_wconf 89' lang='lat' dir='ltr'>esse</span> <span class='ocrx_word' id='word_1_334' title='bbox 681 2346 824 2398; x_wconf 84' lang='lat' dir='ltr'>compluribus</span> <span class='ocrx_word' id='word_1_335' title='bbox 840 2346 982 2387; x_wconf 87' lang='lat' dir='ltr'>additamentis</span> 
     </span>
     <span class='ocr_line' id='line_1_35' title="bbox 86 2406 979 2459; baseline -0.002 -11"><span class='ocrx_word' id='word_1_336' title='bbox 86 2411 172 2456; x_wconf 86' lang='lat' dir='ltr'>auctam,</span> <span class='ocrx_word' id='word_1_337' title='bbox 199 2420 253 2459; x_wconf 89' lang='lat' dir='ltr'>quae</span> <span class='ocrx_word' id='word_1_338' title='bbox 280 2408 348 2458; x_wconf 86' lang='lat' dir='ltr'>postea</span> <span class='ocrx_word' id='word_1_339' title='bbox 369 2420 380 2445; x_wconf 97' lang='grc'>6</span> <span class='ocrx_word' id='word_1_340' title='bbox 401 2406 519 2446; x_wconf 87' lang='lat' dir='ltr'>doctoribus</span> <span class='ocrx_word' id='word_1_341' title='bbox 545 2409 566 2444; x_wconf 89' lang='lat' dir='ltr'>et</span> <span class='ocrx_word' id='word_1_342' title='bbox 590 2407 692 2458; x_wconf 88' lang='lat' dir='ltr'>prophetis</span> <span class='ocrx_word' id='word_1_343' title='bbox 717 2409 789 2447; x_wconf 86' lang='lat' dir='ltr'>sancta</span> <span class='ocrx_word' id='word_1_344' title='bbox 815 2408 869 2459; x_wconf 64' lang='lat' dir='ltr'>aliud</span> <span class='ocrx_word' id='word_1_345' title='bbox 894 2407 979 2448; x_wconf 80' lang='lat' dir='ltr'>ludaeos</span> 
     </span>
     <span class='ocr_line' id='line_1_36' title="bbox 86 2467 982 2520; baseline -0.002 -11"><span class='ocrx_word' id='word_1_346' title='bbox 86 2470 168 2509; x_wconf 89' lang='lat' dir='ltr'>eandem</span> <span class='ocrx_word' id='word_1_347' title='bbox 194 2482 241 2508; x_wconf 89' lang='lat' dir='ltr'>oum</span> <span class='ocrx_word' id='word_1_348' title='bbox 267 2468 311 2519; x_wconf 85' lang='lat' dir='ltr'>lege</span> <span class='ocrx_word' id='word_1_349' title='bbox 335 2467 377 2518; x_wconf 89' lang='lat' dir='ltr'>ipsa</span> <span class='ocrx_word' id='word_1_350' title='bbox 402 2467 546 2507; x_wconf 87' lang='lat' dir='ltr'>auctoritatem</span> <span class='ocrx_word' id='word_1_351' title='bbox 571 2468 630 2507; x_wconf 87' lang='grc'>66616</span> <span class='ocrx_word' id='word_1_352' title='bbox 653 2470 708 2508; x_wconf 91' lang='lat' dir='ltr'>suut.</span> <span class='ocrx_word' id='word_1_353' title='bbox 745 2468 819 2520; x_wconf 85' lang='lat' dir='ltr'>Neque</span> <span class='ocrx_word' id='word_1_354' title='bbox 844 2467 888 2508; x_wconf 91' lang='lat' dir='ltr'>ideo</span> <span class='ocrx_word' id='word_1_355' title='bbox 912 2468 982 2507; x_wconf 86' lang='lat' dir='ltr'>Mosen</span> 
     </span>
     <span class='ocr_line' id='line_1_37' title="bbox 86 2527 979 2579; baseline -0.002 -9"><span class='ocrx_word' id='word_1_356' title='bbox 86 2529 217 2570; x_wconf 87' lang='lat' dir='ltr'>Pentateuohi</span> <span class='ocrx_word' id='word_1_357' title='bbox 239 2530 342 2568; x_wconf 87' lang='lat' dir='ltr'>auctorem</span> <span class='ocrx_word' id='word_1_358' title='bbox 358 2527 420 2567; x_wconf 85' lang='lat' dir='ltr'>fuisse</span> <span class='ocrx_word' id='word_1_359' title='bbox 435 2529 525 2579; x_wconf 80' lang='lat' dir='ltr'>negant3</span> <span class='ocrx_word' id='word_1_360' title='bbox 546 2541 593 2567; x_wconf 90' lang='lat' dir='ltr'>nam</span> <span class='ocrx_word' id='word_1_361' title='bbox 609 2529 661 2579; x_wconf 88' lang='lat' dir='ltr'>quod</span> <span class='ocrx_word' id='word_1_362' title='bbox 676 2529 743 2569; x_wconf 91' lang='lat' dir='ltr'>Moses</span> <span class='ocrx_word' id='word_1_363' title='bbox 760 2529 919 2569; x_wconf 87' lang='lat' dir='ltr'>Pentateuchum</span> <span class='ocrx_word' id='word_1_364' title='bbox 934 2541 979 2569; x_wconf 89' lang='lat' dir='ltr'>cou-</span> 
     </span>
     <span class='ocr_line' id='line_1_38' title="bbox 86 2588 982 2641; baseline -0.002 -10"><span class='ocrx_word' id='word_1_365' title='bbox 86 2591 155 2631; x_wconf 82' lang='grc'>1661666</span> <span class='ocrx_word' id='word_1_366' title='bbox 177 2590 261 2636; x_wconf 87' lang='lat' dir='ltr'>dicitur,</span> <span class='ocrx_word' id='word_1_367' title='bbox 283 2590 321 2629; x_wconf 87' lang='lat' dir='ltr'>hoc</span> <span class='ocrx_word' id='word_1_368' title='bbox 343 2588 453 2641; x_wconf 84' lang='lat' dir='ltr'>significare</span> <span class='ocrx_word' id='word_1_369' title='bbox 476 2588 580 2628; x_wconf 86' lang='lat' dir='ltr'>iudicant:</span> <span class='ocrx_word' id='word_1_370' title='bbox 604 2589 741 2630; x_wconf 83' lang='lat' dir='ltr'>Pentateucho</span> <span class='ocrx_word' id='word_1_371' title='bbox 764 2590 837 2640; x_wconf 86' lang='lat' dir='ltr'>doceri,</span> <span class='ocrx_word' id='word_1_372' title='bbox 862 2602 900 2641; x_wconf 90' lang='lat' dir='ltr'>quo</span> <span class='ocrx_word' id='word_1_373' title='bbox 921 2589 982 2629; x_wconf 90' lang='lat' dir='ltr'>modo-</span> 
     </span>
     <span class='ocr_line' id='line_1_39' title="bbox 86 2649 979 2705; baseline -0.003 -13"><span class='ocrx_word' id='word_1_374' title='bbox 86 2652 155 2705; x_wconf 86' lang='lat' dir='ltr'>religio</span> <span class='ocrx_word' id='word_1_375' title='bbox 172 2650 240 2704; x_wconf 82' lang='lat' dir='ltr'>gentis</span> <span class='ocrx_word' id='word_1_376' title='bbox 256 2649 365 2690; x_wconf 87' lang='lat' dir='ltr'>Hebraicae</span> <span class='ocrx_word' id='word_1_377' title='bbox 381 2663 392 2688; x_wconf 92' lang='lat' dir='ltr'>a</span> <span class='ocrx_word' id='word_1_378' title='bbox 406 2649 462 2689; x_wconf 89' lang='lat' dir='ltr'>Mose</span> <span class='ocrx_word' id='word_1_379' title='bbox 483 2661 547 2700; x_wconf 86' lang='lat' dir='ltr'>usque</span> <span class='ocrx_word' id='word_1_380' title='bbox 564 2650 589 2689; x_wconf 86' lang='lat' dir='ltr'>ad</span> <span class='ocrx_word' id='word_1_381' title='bbox 604 2662 627 2690; x_wconf 90' lang='lat' dir='ltr'>ea</span> <span class='ocrx_word' id='word_1_382' title='bbox 641 2651 739 2702; x_wconf 86' lang='lat' dir='ltr'>tempora,</span> <span class='ocrx_word' id='word_1_383' title='bbox 761 2664 814 2702; x_wconf 89' lang='lat' dir='ltr'>quae</span> <span class='ocrx_word' id='word_1_384' title='bbox 834 2649 924 2690; x_wconf 77' lang='lat' dir='ltr'>exsilium</span> <span class='ocrx_word' id='word_1_385' title='bbox 939 2651 979 2690; x_wconf 89' lang='lat' dir='ltr'>Ba-</span> 
     </span>
     <span class='ocr_line' id='line_1_40' title="bbox 86 2709 981 2765; baseline -0.002 -14"><span class='ocrx_word' id='word_1_386' title='bbox 86 2713 190 2765; x_wconf 75' lang='lat' dir='ltr'>bylonium</span> <span class='ocrx_word' id='word_1_387' title='bbox 212 2714 284 2751; x_wconf 87' lang='grc'>666616</span> <span class='ocrx_word' id='word_1_388' title='bbox 305 2713 358 2759; x_wconf 84' lang='grc'>6661,</span> <span class='ocrx_word' id='word_1_389' title='bbox 379 2723 401 2750; x_wconf 90' lang='lat' dir='ltr'>ex</span> <span class='ocrx_word' id='word_1_390' title='bbox 422 2709 503 2762; x_wconf 83' lang='lat' dir='ltr'>legibus</span> <span class='ocrx_word' id='word_1_391' title='bbox 519 2724 531 2749; x_wconf 91' lang='lat' dir='ltr'>a</span> <span class='ocrx_word' id='word_1_392' title='bbox 547 2711 601 2750; x_wconf 86' lang='lat' dir='ltr'>Mose</span> <span class='ocrx_word' id='word_1_393' title='bbox 622 2711 679 2762; x_wconf 86' lang='lat' dir='ltr'>datis,</span> <span class='ocrx_word' id='word_1_394' title='bbox 701 2724 755 2762; x_wconf 89' lang='lat' dir='ltr'>quae</span> <span class='ocrx_word' id='word_1_395' title='bbox 777 2710 883 2751; x_wconf 79' lang='lat' dir='ltr'>maximam</span> <span class='ocrx_word' id='word_1_396' title='bbox 903 2714 981 2762; x_wconf 84' lang='lat' dir='ltr'>partem</span> 
     </span>
     <span class='ocr_line' id='line_1_41' title="bbox 86 2771 979 2823; baseline -0.001 -11"><span class='ocrx_word' id='word_1_397' title='bbox 86 2773 218 2815; x_wconf 88' lang='lat' dir='ltr'>Pentateuchi</span> <span class='ocrx_word' id='word_1_398' title='bbox 235 2772 368 2820; x_wconf 86' lang='lat' dir='ltr'>constituunt,</span> <span class='ocrx_word' id='word_1_399' title='bbox 385 2783 495 2823; x_wconf 84' lang='lat' dir='ltr'>progressa</span> <span class='ocrx_word' id='word_1_400' title='bbox 511 2771 544 2813; x_wconf 90' lang='lat' dir='ltr'>sit.</span> <span class='ocrx_word' id='word_1_401' title='bbox 555 2795 584 2800; x_wconf 85' lang='lat'>—</span> <span class='ocrx_word' id='word_1_402' title='bbox 597 2771 688 2813; x_wconf 78' lang='lat' dir='ltr'>Oouicras</span> <span class='ocrx_word' id='word_1_403' title='bbox 705 2772 726 2815; x_wconf 81' lang='lat' dir='ltr'>F.</span> <span class='ocrx_word' id='word_1_404' title='bbox 745 2772 775 2811; x_wconf 89' lang='lat' dir='ltr'>de</span> <span class='ocrx_word' id='word_1_405' title='bbox 791 2772 979 2820; x_wconf 85' lang='lat' dir='ltr'>Humrnelauer‚</span> 
     </span>
     <span class='ocr_line' id='line_1_42' title="bbox 87 2829 480 2876; baseline -0.005 -3"><span class='ocrx_word' id='word_1_406' title='bbox 87 2834 196 2876; x_wconf 75' lang='lat' dir='ltr'>demmin</span> <span class='ocrx_word' id='word_1_407' title='bbox 213 2829 392 2874; x_wconf 82' lang='lat' dir='ltr'>Deuteronomium</span> <span class='ocrx_word' id='word_1_408' title='bbox 409 2838 451 2875; x_wconf 81' lang='lat'>323</span> <span class='ocrx_word' id='word_1_409' title='bbox 464 2844 480 2872; x_wconf 91' lang='lat' dir='ltr'>s.</span> 
     </span>
    </p>
   </div>
   <div class='ocr_carea' id='block_1_7' title="bbox 145 2949 984 3009">
    <p class='ocr_par' dir='ltr' id='par_1_7' title="bbox 145 2949 984 3009">
     <span class='ocr_line' id='line_1_43' title="bbox 145 2949 984 3009; baseline -0.006 -13"><span class='ocrx_word' id='word_1_410' title='bbox 145 2954 180 3000; x_wconf 88' lang='lat' dir='ltr'>II.</span> <span class='ocrx_word' id='word_1_411' title='bbox 195 2953 248 2996; x_wconf 84' lang='lat' dir='ltr'>Res</span> <span class='ocrx_word' id='word_1_412' title='bbox 265 2951 278 2996; x_wconf 85' lang='lat' dir='ltr'><strong>J</strong></span> <span class='ocrx_word' id='word_1_413' title='bbox 284 2951 369 2995; x_wconf 74' lang='lat' dir='ltr'>alivae</span> <span class='ocrx_word' id='word_1_414' title='bbox 385 2952 580 3005; x_wconf 74' lang='lat' dir='ltr'>consecratae,</span> <span class='ocrx_word' id='word_1_415' title='bbox 597 2950 672 3009; x_wconf 85' lang='lat' dir='ltr'>quibus</span> <span class='ocrx_word' id='word_1_416' title='bbox 688 2950 746 2995; x_wconf 86' lang='lat' dir='ltr'>vesci</span> <span class='ocrx_word' id='word_1_417' title='bbox 757 2964 803 2994; x_wconf 88' lang='lat' dir='ltr'>non</span> <span class='ocrx_word' id='word_1_418' title='bbox 814 2949 897 3003; x_wconf 86' lang='lat' dir='ltr'>licebat,</span> <span class='ocrx_word' id='word_1_419' title='bbox 908 2953 984 2994; x_wconf 71' lang='lat' dir='ltr'>erant:</span> 
     </span>
    </p>
   </div>
   <div class='ocr_carea' id='block_1_8' title="bbox 146 3035 980 3096">
    <p class='ocr_par' dir='ltr' id='par_1_8' title="bbox 146 3035 980 3096">
     <span class='ocr_line' id='line_1_44' title="bbox 146 3035 980 3096; baseline 0.002 -15"><span class='ocrx_word' id='word_1_420' title='bbox 146 3039 169 3096; x_wconf 95' lang='grc'>1)</span> <span class='ocrx_word' id='word_1_421' title='bbox 180 3037 273 3095; x_wconf 80' lang='lat' dir='ltr'>Adeps</span> <span class='ocrx_word' id='word_1_422' title='bbox 284 3036 407 3080; x_wconf 86' lang='lat' dir='ltr'>animalium</span> <span class='ocrx_word' id='word_1_423' title='bbox 418 3035 571 3079; x_wconf 83' lang='lat' dir='ltr'>sacrificalium</span> <span class='ocrx_word' id='word_1_424' title='bbox 582 3036 595 3082; x_wconf 84' lang='lat' dir='ltr'>i.</span> <span class='ocrx_word' id='word_1_425' title='bbox 604 3051 619 3083; x_wconf 92' lang='grc'>6,</span> <span class='ocrx_word' id='word_1_426' title='bbox 630 3035 695 3089; x_wconf 66' lang='lat' dir='ltr'>lucris,</span> <span class='ocrx_word' id='word_1_427' title='bbox 707 3035 760 3089; x_wconf 84' lang='lat' dir='ltr'>ovis,</span> <span class='ocrx_word' id='word_1_428' title='bbox 773 3049 848 3092; x_wconf 88' lang='lat' dir='ltr'>caprae</span> <span class='ocrx_word' id='word_1_429' title='bbox 860 3035 898 3095; x_wconf 81' lang='lat' dir='ltr'>(Lv</span> <span class='ocrx_word' id='word_1_430' title='bbox 909 3040 928 3088; x_wconf 83' lang='lat'>3,</span> <span class='ocrx_word' id='word_1_431' title='bbox 940 3040 980 3088; x_wconf 69' lang='lat'>113</span> 
     </span>
    </p>
   </div>
   <div class='ocr_carea' id='block_1_9' title="bbox 87 3108 983 3228">
    <p class='ocr_par' dir='ltr' id='par_1_9' title="bbox 87 3108 983 3228">
     <span class='ocr_line' id='line_1_45' title="bbox 87 3108 983 3168; baseline 0 -14"><span class='ocrx_word' id='word_1_432' title='bbox 87 3112 105 3162; x_wconf 79' lang='lat'>1,</span> <span class='ocrx_word' id='word_1_433' title='bbox 122 3110 218 3158; x_wconf 67' lang='grc'>23166.</span> <span class='ocrx_word' id='word_1_434' title='bbox 235 3110 274 3154; x_wconf 78' lang='lat' dir='ltr'>Ao</span> <span class='ocrx_word' id='word_1_435' title='bbox 290 3113 308 3162; x_wconf 82' lang='lat'>3,</span> <span class='ocrx_word' id='word_1_436' title='bbox 327 3113 360 3156; x_wconf 85' lang='lat'>11.</span> <span class='ocrx_word' id='word_1_437' title='bbox 376 3108 403 3168; x_wconf 87' lang='grc'>2),</span> <span class='ocrx_word' id='word_1_438' title='bbox 420 3108 458 3165; x_wconf 86' lang='lat' dir='ltr'>qui</span> <span class='ocrx_word' id='word_1_439' title='bbox 475 3123 559 3165; x_wconf 83' lang='lat' dir='ltr'>semper</span> <span class='ocrx_word' id='word_1_440' title='bbox 574 3109 598 3152; x_wconf 90' lang='grc'>16</span> <span class='ocrx_word' id='word_1_441' title='bbox 614 3109 674 3153; x_wconf 87' lang='lat' dir='ltr'>altari</span> <span class='ocrx_word' id='word_1_442' title='bbox 690 3108 833 3157; x_wconf 86' lang='lat' dir='ltr'>cremabatur.</span> <span class='ocrx_word' id='word_1_443' title='bbox 865 3108 904 3154; x_wconf 83' lang='lat' dir='ltr'>Sed</span> <span class='ocrx_word' id='word_1_444' title='bbox 919 3110 983 3166; x_wconf 88' lang='lat' dir='ltr'>adipe</span> 
     </span>
     <span class='ocr_line' id='line_1_46' title="bbox 133 3185 930 3228; baseline -0.009 -7"><span class='ocrx_word' id='word_1_445' title='bbox 133 3189 275 3228; x_wconf 83' lang='lat' dir='ltr'>Kortleitner,</span> <span class='ocrx_word' id='word_1_446' title='bbox 288 3186 403 3225; x_wconf 73' lang='lat' dir='ltr'>Archaeologin</span> <span class='ocrx_word' id='word_1_447' title='bbox 416 3187 479 3218; x_wconf 85' lang='lat' dir='ltr'>biblica</span> <span class='ocrx_word' id='word_1_448' title='bbox 907 3185 930 3220; x_wconf 71' lang='lat'>21</span> 
     </span>
    </p>
   </div>
   <div class='ocr_carea' id='block_1_10' title="bbox 0 0 1082 3361">
    <p class='ocr_par' dir='ltr' id='par_1_10' title="bbox 0 0 1082 3361">
     <span class='ocr_line' id='line_1_47' title="bbox 0 0 1082 3361; baseline 0 0"><span class='ocrx_word' id='word_1_449' title='bbox 0 0 1082 3361; x_wconf 95' lang='lat' dir='ltr'> </span> 
     </span>
    </p>
   </div>
  </div>
 </body>
</html>
