2147 3361
380 81 476 118 Sacrificia
488 82 566 118 cruenta
579 80 669 117 universa
929 81 978 128 315.

78 208 228 265 peragerentur
249 206 338 263 eiusque
354 205 416 264 quasi
437 204 546 248 renovatio
567 205 641 254 essent,
664 202 695 246 sal
717 203 830 246 sacrificiis
852 200 973 255 adhibitum

78 285 127 330 Μ
143 271 183 329 11513
199 280 233 324 sul
243 280 337 336 foederis
348 280 394 321 erat
403 277 491 334 ipsaque
502 277 603 320 sacrificia
618 268 659 326 att?
670 280 720 337 ΠἾᾉ
737 276 815 332 foedus
826 277 878 321 sutis
888 281 950 335 errant
958 282 972 323 ³.

78 354 118 407 sal.
138 353 194 411 quod
214 355 237 396 et
256 353 330 409 ipsum
351 352 383 394 est
399 351 552 406 ,incorruptum
571 366 638 408 neque
658 365 748 407 corpora
772 352 894 407 putrescere
915 350 975 415 sinit..

78 426 239 485 perpetuitatem
255 424 349 469 foederis
366 424 434 468 diuini
451 423 582 466 demonstrat
598 424 632 481 (of.
645 423 689 467 Nm
707 428 791 476 1919Δ
808 423 831 465 Π
844 422 886 466 cru
898 418 973 482 196)

142 528 302 579 1Joeepuus‚
324 527 361 566 AJ
383 533 401 575 3,
423 532 441 569 9.
460 532 482 568 1:
514 520 562 567 Εἶτα
584 527 669 580 καθαρὰ
691 529 815 583 ποιήσαντες
839 522 974 581 (sacerdotes)

78 589 211 648 διαμελίζουσι
228 584 364 645 (holocausta)
381 588 416 630 ααὶ
432 589 531 635 πάσαντες
547 584 604 628 ἁλσὶν
621 583 651 628 ἐπὶ
667 589 700 629 τὸν
717 587 790 643 βωμὸν
807 585 935 630 ἀνατιθέασι.

140 683 149 709 2
160 682 287 734 Quapropter
306 681 328 720 in
347 680 433 720 aliarum
454 691 533 730 quoque
554 678 644 730 gentium
665 678 731 734 (velut
754 681 886 730 antiquorum
907 682 972 733 Baby-

77 744 181 798 loniorum,
199 743 328 789 craecorum,
345 737 489 796 Romanorum)
507 739 607 780 sacrificiis
624 740 652 779 sal
667 741 766 792 usurpari
784 741 869 784 solebat.

141 834 263 885 ³Principes
277 833 370 872 Arabum
387 832 508 880 etiamnunc,
526 832 542 872 si
558 831 627 871 foedus
642 834 743 883 pangunt,
761 833 857 884 patellam
875 833 921 873 salis
937 848 974 884 aq*

78 910 151 948 ponere
166 898 187 935 et
202 895 292 934 frustula
308 894 388 944 aliquot
404 893 461 945 panis
478 894 518 933 sale
534 905 639 944 conspersa
655 893 759 933 comedere
778 894 851 934 solent.

138 989 235 1047 Denique
251 1004 328 1033 carnes
345 990 382 1032 aut
398 988 487 1032 omnino
504 991 540 1031 aut
556 1002 581 1031 ex
598 990 657 1044 parte
677 989 871 1033 corrcreuurtuutur
887 989 976 1049 (Ἶᾞρῡ),

78 1064 167 1121 Reliqua
183 1078 232 1107 caro
248 1064 283 1108 vel
300 1064 323 1106 iu
340 1078 403 1106 usum
419 1062 553 1105 sacerdotnm
569 1062 654 1105 cedebat
665 1062 700 1105 vel
717 1062 743 1104 ab
763 1076 794 1115 eo,
811 1063 849 1118 qui
866 1063 976 1113 afferebat..

78 1138 101 1181 in
117 1138 234 1181 coarctatam
249 1137 420 1180 convertebatur.

139 1239 258 1285 duraturae
281 1240 379 1283 carnium
398 1239 504 1297 imprimis
525 1242 583 1283 actus
597 1238 722 1282 latreuticus
739 1242 778 1291 est,
800 1240 845 1296 quc'
858 1255 880 1282 se
896 1240 919 1291 is.
936 1241 977 1298 qui,

78 1299 212 1365 sacrificabat,
229 1315 303 1357 totum
314 1312 353 1357 deo
365 1313 463 1357 tradebat
473 1328 574 1370 situmque
585 1313 719 1356 voluntatem
735 1300 892 1369 exprimebat
904 1313 972 1357 Simul

78 1389 147 1431 autem
163 1401 193 1438 eo,
214 1386 274 1443 quod
286 1401 369 1429 rcarues
388 1387 435 1444 igni
452 1386 635 1433 comburebantur.
656 1400 678 1428 re
695 1385 763 1428 oculis
784 1387 884 1442 exposita
900 1390 971 1431 osten-

79 1460 165 1503 debatur
182 1459 245 1503 deum
261 1460 344 1503 hostias
361 1459 453 1516 benigne
469 1461 575 1516 acceptare
593 1459 626 1518 (cl.
642 1458 673 1502 ΙΝ
690 1462 709 1511 9,
721 1463 758 1506 24.
775 1458 817 1502 ddc
834 1464 853 1512 6,
865 1465 900 1507 21,
917 1460 977 1517 Iug-

79 1536 112 1586 18,
129 1536 163 1580 38.
179 1524 250 1578 l⁵Olrr
267 1537 304 1584 21.
321 1536 356 1580 26.
377 1532 399 1575 ΙΙ
415 1531 458 1575 Clu
475 1537 493 1584 7,
511 1533 538 1590 1),
571 1531 639 1584 Quare
659 1546 734 1575 carnes
756 1531 887 1576 sacrificales
908 1534 971 1577 etiam

79 1597 137 1654 matt}
154 1596 194 1654 nub
210 1607 269 1649 cibas
291 1606 332 1649 dei
347 1605 386 1665 (LV
402 1609 438 1658 21,
455 1609 475 1652 d.
491 1609 510 1652 8.
527 1609 561 1653 11.
578 1609 636 1655 219
660 1609 694 1656 22,
712 1606 769 1664 aab
790 1610 811 1648 et
834 1606 900 1650 altare
921 1599 976 1662 tutti*

79 1679 134 1738 (tit)
149 1683 187 1729 utu!
203 1693 276 1723 rueasc
294 1678 379 1723 Jahn-a
395 1678 432 1738 (aa
448 1683 483 1730 tl,
500 1683 534 1725 22.
551 1678 594 1721 tlal
612 1685 629 1730 1,
647 1683 667 1727 7,
684 1681 721 1739 12)
738 1680 881 1728 vocabantur,
911 1680 977 1724 [nde

78 1751 141 1795 etiam
156 1751 282 1808 explicatur,
302 1767 368 1809 quare
384 1752 471 1795 uictima
486 1751 536 1809 igue
552 1766 610 1794 sacro
627 1751 772 1795 comburenda
789 1752 862 1796 fuerit.
893 1754 976 1811 Tppr'ce

79 1825 224 1869 combustione
240 1825 312 1882 passio
329 1828 351 1868 et
367 1824 486 1868 exinanitio
502 1825 568 1868 totius
584 1824 639 1868 ritae
656 1823 736 1868 Christi
753 1825 899 1872 indicabatur.

141 1926 186 1966 lllt
202 1927 288 1967 Hebraei
309 1926 405 1967 sacrificia
421 1927 487 1966 cibum
503 1926 577 1967 Jahvae
597 1939 637 1966 esse
654 1927 804 1977 existimabant,
821 1928 850 1968 ita
865 1928 973 1981 Babylonii

79 1999 157 2038 quoque
178 2001 200 2040 ea
222 1988 291 2027 cibum
313 1986 421 2040 (eruptura)
442 1987 524 2029 deorum
545 2000 586 2027 esse
606 1988 644 2027 sibi
664 1992 815 2038 persuaserant,
838 1990 858 2029 id
875 1990 928 2041 quod
949 2004 972 2030 ex

79 2049 147 2088 multis
162 2048 211 2088 locis
226 2049 385 2100 inscriptionum
401 2048 555 2088 cuneiformium
571 2049 641 2091 elucet,
666 2049 718 2088 Item
730 2049 782 2089 aliae
794 2052 866 2101 gentes
879 2052 978 2103 antiquae·

80 2109 173 2149 sacrificia
189 2106 258 2149 cibum
275 2109 361 2150 deorum
378 2110 478 2161 appellare
495 2106 592 2149 solebant.

139 2201 240 2247 Oorrrestio
256 2204 303 2246 siue
319 2203 455 2259 participatio
472 2204 541 2246 carnis
556 2202 696 2254 uictimarum.
713 2218 769 2259 cquae
781 2204 880 2248 offerenti
889 2206 977 2258 licebat.

79 2276 196 2332 propiorem
217 2275 329 2333 significat
349 2291 456 2319 accessum
472 2276 498 2319 ud
515 2276 581 2323 deum.
613 2275 669 2319 Nam
685 2277 704 2319 si
720 2291 770 2320 eam
787 2292 873 2321 carnem
890 2279 976 2331 edebat.

79 2349 182 2406 particeps
198 2350 264 2393 fiebat
280 2365 367 2393 mensae
379 2348 466 2401 datrae,
483 2349 541 2393 cuius
557 2352 601 2393 erat
614 2350 674 2406 quasi
690 2349 776 2406 hospes.
794 2351 901 2407 simulque
917 2352 976 2395 aaut>

79 2421 149 2476 piebat
163 2423 243 2480 pignus
261 2422 422 2466 coniunctionis
439 2438 487 2465 cum
503 2422 547 2466 deo.

140 2495 203 2539 Cena
216 2495 342 2539 sacrificalis
363 2498 395 2539 est
414 2496 479 2539 etiam
499 2501 560 2553 typus
581 2495 672 2539 convivii
694 2496 761 2549 irtus.
784 2497 841 2554 quod
863 2496 886 2540 iu
903 2498 975 2541 sacris:

79 2566 153 2612 litteris
174 2570 247 2614 crebro
269 2570 455 2620 commemoratur,
477 2568 534 2626 quod
550 2568 600 2611 deus
620 2569 643 2611 iu
664 2583 731 2626 regno
753 2570 860 2613 messiano
877 2573 971 2626 appan,

79 2639 92 2685 i.
103 2656 118 2684 e.
130 2644 193 2699 typus
204 2641 314 2686 comitatis
331 2641 483 2698 amicitiaeque
500 2657 553 2698 quae
568 2641 608 2685 hac
622 2641 719 2700 imagine
737 2642 869 2687 describitur.
896 2643 977 2701 ltaque-

79 2711 135 2757 bona
150 2716 225 2759 salutis
240 2718 346 2767 aeternae,
367 2714 445 2758 veritas
461 2717 482 2758 et
497 2715 566 2771 gratia
582 2730 696 2773 carumque
712 2715 817 2772 perfectio
841 2717 853 2758 i.
869 2731 885 2759 e.
902 2716 977 2774 gloria.
1009 2702 1011 2706 Ι

80 2787 168 2841 aeterna,
184 2788 269 2846 saepius
281 2788 341 2831 cibus
352 2790 374 2830 et
383 2789 448 2844 potus
459 2802 521 2831 cenae
532 2789 597 2845 patris
608 2788 702 2832 caelestis
714 2789 851 2845 appellantur
867 2789 903 2847 (cf,
915 2789 975 2833 Pror·

81 2860 100 2908 9,
120 2864 139 2906 2.
161 2861 193 2904 m
214 2866 250 2919 22,
271 2866 292 2909 4.
316 2862 345 2905 Lc
366 2865 401 2914 22,
418 2865 446 2909 29
458 2877 472 2905 s
499 2861 526 2905 do
547 2866 567 2915 4,
586 2866 734 2912 10—1t.34;
759 2866 778 2913 6ἶ
796 2866 831 2908 21.
848 2866 903 2908 aas.
926 2865 977 2919 rtpc

82 2934 114 2988 19,
131 2936 204 2993 7—9).
592 2942 594 2948 '
624 2933 627 2938 ’

138 3055 166 3102 V.
182 3056 293 3101 Sacrificia
314 3059 402 3100 cruenta
418 3055 542 3101 dividuntur
556 3057 580 3101 in
595 3057 722 3113 totoccusra,
746 3057 849 3100 sacrificia
864 3073 907 3114 pro
923 3074 979 3116 peu.

79 3132 129 3183 caro,
142 3142 184 3183 pro
200 3130 282 3187 delicto,
297 3130 397 3188 pacifico.
429 3128 562 3187 Quamquam
578 3133 628 3175 srmt
643 3130 681 3188 qui
700 3130 807 3174 sacrificia
826 3133 865 3187 pro
887 3135 978 3188 peccato.
