2107 3321
387 940 480 1005 Pars
503 938 619 1023 prima

234 1093 293 1162 De
319 1086 630 1180 antiquitatibus
655 1086 773 1157 saeris

90 1268 91 1271 ¹
117 1277 147 1317 De
166 1274 326 1327 antiquitatibus
346 1273 406 1313 saeris
425 1271 491 1325 primo
511 1271 595 1324 agimus,
614 1283 655 1310 non
670 1271 736 1312 selum
752 1270 807 1321 quod
822 1270 911 1311 Hebraei
926 1272 951 1310 ut
1007 1267 1009 1270 ’

52 1351 107 1390 ,gens
124 1351 136 1377 a
152 1337 189 1377 deo
210 1337 272 1376 electa
293 1334 393 1385 imprimis
409 1331 530 1385 religionem
547 1332 664 1383 cultumque
679 1332 815 1381 exsoluerunt,
838 1332 873 1371 sed
889 1332 950 1372 etiam

53 1399 84 1440 «ob
99 1397 121 1438 id
135 1397 211 1449 ipsum,
228 1395 283 1448 quod
298 1395 367 1447 generi
383 1394 472 1434 humano
489 1392 514 1433 ab
530 1393 588 1433 initio
605 1394 658 1433 certa
668 1392 766 1444 quaedam
782 1392 834 1433 ratio
851 1406 897 1433 eum
913 1393 950 1433 deo

52 1457 172 1499 intercessit
187 1469 253 1508 neque
269 1469 293 1495 ex
309 1457 366 1495 statu
380 1457 466 1495 naturae
483 1454 525 1494 sive
541 1466 630 1494 summae
645 1453 731 1494 feritatis
742 1453 824 1493 demum
840 1454 866 1493 ad
882 1454 950 1506 eogni-
983 1482 986 1488 .

53 1520 133 1559 tionem
149 1520 170 1558 et
180 1517 331 1558 venerationem
342 1515 374 1556 dei
390 1515 476 1556 emersit.
501 1514 587 1555 Nomine
602 1516 669 1555 autem
685 1514 833 1566 antiquitatum
849 1527 951 1555 saerarum

58 1583 149 1620 veterum
169 1578 314 1626 Hebraeorum,
337 1577 354 1617 si
374 1575 435 1616 latius
456 1577 518 1628 patet,
541 1576 608 1616 omnia
628 1575 831 1628 comprehenduntur,
854 1589 906 1627 quae
926 1575 951 1615 ad

54 1640 163 1693 'religionis
179 1639 278 1678 Mosaieae
299 1637 410 1686 historiam,
427 1636 526 1689 dogmata,
545 1638 649 1688 praecepta
668 1649 753 1685 morum,
773 1636 872 1676 instituta
888 1637 950 1677 adeo

56 1701 106 1741 data
126 1699 231 1740 referenda
251 1701 311 1745 sunt3
333 1699 351 1739 si
366 1697 473 1750 angustius
488 1697 547 1747 velet,
569 1710 592 1737 ea
607 1699 692 1746 tantum,
714 1711 765 1748 quae
786 1698 811 1736 ad
832 1698 951 1738 exteriorem

55 1762 127 1801 uultus
138 1759 222 1800 Mosaiei
238 1759 323 1800 formam
338 1758 442 1811 pertinent
456 1771 546 1809 quaeque
563 1758 587 1797 ad
602 1759 650 1798 haee
665 1760 763 1810 quattuor
779 1757 846 1809 eapite
862 1758 952 1799 revocari

60 1823 156 1872 possunt:
178 1820 203 1859 ad
224 1821 281 1859 loea
300 1820 366 1860 eultui
382 1819 451 1859 divino
467 1819 574 1868 destinata,
595 1819 620 1859 ad
636 1818 776 1859 ministros
795 1819 876 1859 cultum
891 1819 952 1867 illum

55 1881 197 1930 *exercitantes
218 1880 243 1921 ad
258 1883 378 1931 tempora
396 1880 415 1920 ei
430 1880 493 1920 cultui
511 1882 592 1929 saerata,
613 1879 638 1920 ad
654 1880 754 1920 eultum
770 1880 844 1932 ipsum.
876 1881 905 1920 De
921 1881 959 1920 his·

56 1942 124 1994 igitur
139 1942 201 1982 rebus
217 1942 283 1993 prima
298 1941 445 1993 arehaeologiae
461 1940 546 1981 biblicae
561 1943 617 1991 parte
633 1940 732 1993 agendum
748 1943 783 1980 est.

366 2082 430 2143 Quae
446 2083 580 2140 praefanda
596 2084 645 2129 sint

121 2190 237 2234 Veneratio
258 2190 323 2233 unius
339 2189 384 2234 veri
400 2189 433 2232 dei
453 2192 499 2233 tam
518 2191 580 2233 vetus
600 2192 632 2234 est
652 2206 716 2248 [luam
737 2204 805 2248 genus
825 2190 952 2236 humanum.

58 2262 120 2316 vQuae
134 2263 232 2307 nascitur
243 2277 269 2305 ex
280 2262 383 2306 desiderio
398 2265 443 2306 una
460 2277 508 2306 oum
524 2262 625 2320 opinione
636 2263 669 2306 dei
684 2263 757 2307 animo
773 2264 870 2308 humano
886 2264 952 2309 insito

61 2336 217 2380 auctoriritas
233 2337 254 2380 et
265 2336 334 2379 datori
350 2336 448 2379 omnium
463 2336 570 2379 bonorum
586 2336 694 2381 caritatem
710 2340 839 2395 gratumque
856 2338 953 2382 animum

61 2411 83 2451 11
95 2408 164 2453 verbis
180 2411 202 2452 et
216 2408 279 2452 fastis
295 2408 395 2456 testandi,
421 2408 474 2453 (lum
491 2412 561 2452 autem
577 2411 672 2466 tempore
687 2411 838 2470 progrediente
848 2411 954 2467 ‘impietas

61 2482 186 2525 universum
206 2497 275 2539 genus
296 2481 408 2525 hominum
429 2481 540 2526 invaderet
560 2482 646 2541 eiusque
666 2499 736 2528 mores
756 2484 826 2543 magis
843 2484 954 2542 magisque

62 2553 191 2607 laberentur,
208 2555 259 2598 deus
276 2554 386 2598 Abraham
397 2554 533 2608 Chaldaeum,
545 2556 610 2599 ¹euius
626 2558 715 2601 maiores
731 2556 782 2601 inde
798 2574 810 2601 a
825 2558 897 2614 primo
913 2558 953 2601 ho-

62 2626 120 2669 mine
135 2627 206 2682 fidem„
216 2627 242 2670 in
251 2616 321 2671 unum
331 2642 405 2671 rerum
416 2628 480 2671 deum
496 2630 518 2671 et
532 2628 608 2672 bonos
619 2645 687 2674 mores
703 2630 864 2675 eustodirerant
880 2630 923 2689 (Gn
934 2634 954 2683 5,

63 2702 148 2750 1-32;
166 2704 200 2752 11,
219 2700 323 2758 10-31),
345 2699 382 2742 sed
402 2699 489 2744 tandem
509 2702 530 2743 et
550 2701 592 2757 ipsi
607 2702 630 2745 in
647 2702 733 2746 deorum
754 2702 956 2747 commenticiorum

64 2770 144 2814 cultum
160 2772 256 2829 prolapsi
272 2775 333 2815 erant
349 2772 397 2833 (Jos
413 2778 449 2826 24,
466 2778 486 2821 2.
503 2778 532 2821 11
543 2773 574 2833 s),
595 2775 659 2832 elegit
675 2775 718 2837 (Gn
735 2781 769 2833 12,
788 2781 853 2824 1-3,
871 2776 898 2823 ef.
914 2776 956 2820 Aet

64 2847 84 2895 7,
101 2844 150 2904 as.)
167 2846 189 2887 et
205 2846 315 2889 auctorem
332 2846 376 2889 eius
393 2846 464 2904 gentis
480 2846 536 2900 feeit,
558 2862 611 2904 quae
627 2849 784 2893 venerationem
800 2848 865 2892 unius
881 2849 915 2893 dei
931 2865 956 2893 aa

64 2913 185 2958 doctrinam
201 2915 305 2960 divinitus
325 2917 428 2961 traditam
443 2921 468 2962 ut
483 2919 658 2976 pretiosissimam
674 2921 812 2975 hereditatem
829 2937 956 2967 conservare

64 2989 86 3029 et
104 2988 197 3043 posteris
219 2989 310 3045 prodere
331 2990 421 3035 debebat
443 3007 510 3049 usque
530 2993 557 3036 ad
578 3009 623 3037 eam
644 2996 740 3051 aetatem,
762 3010 805 3051 qua
825 2995 854 3038 ad
876 2998 956 3041 ceteras

64 3063 145 3117 gentes,
163 3076 217 3119 quae
228 3063 341 3107 notionem
353 3064 448 3108 divinam
460 3066 485 3109 in
495 3066 564 3110 varias
575 3082 608 3110 res
624 3071 702 3112 areatas
718 3069 873 3112 transferentes
884 3060 958 3126 plures

62 3132 165 3177 solebant
181 3134 231 3178 dees
247 3135 261 3181 i.
278 3151 295 3180 e.
314 3137 459 3194 polytheismo
476 3139 559 3184 deditae
574 3142 640 3193 erant,
656 3141 795 3199 propaganda
812 3145 873 3187 esset.

886 3217 908 3254 31
