2147 3361
347 65 401 103 Cives
414 63 531 117 reipublicae
545 67 675 105 Hebraeorum
914 74 960 118 739,
974 65 976 70 ’

58 207 182 265 φοβσὺμενοι
198 201 232 242 τόν
248 198 297 239 θεόν
321 189 371 248 (Aet
389 193 423 241 10,
446 192 464 236 2.
482 194 522 241 223
549 195 583 243 13,
607 196 640 239 16.
662 193 706 252 26),
728 197 834 253 σεβόμενοι
855 198 888 240 τόν
909 193 959 239 θεόν

62 277 111 337 (Act
129 275 160 322 16,
180 272 217 318 14;
239 269 274 319 18,
292 268 311 310 7.
334 261 379 307 JOS.
396 261 430 305 Α]
449 266 485 314 14,
501 268 520 310 7·
539 264 568 323 2),
591 264 718 321 simpliciter
734 270 838 326 σεβόμενοι
857 265 960 323 (Αο113,

60 353 101 398 ,50;
126 348 158 394 17,
174 346 194 389 4.
213 338 257 397 11),
279 336 345 379 semel
367 340 473 397 σεβόμενοι
494 342 619 399 προσήλυτοι
641 337 690 398 (Aet
707 342 741 391 13,
758 339 796 397 43)
818 338 960 395 appellantur.

63 423 87 466 1,]
104 432 145 476 quo
162 426 252 457 numero
265 410 371 470 (Έλληνες
393 422 478 465 quoque
495 411 642 468 ἀναβαίνοντες,
662 413 696 459 ἵνα
712 419 880 472 προσκυνήσωσιν
896 413 916 458 ἐν
933 421 958 471 πή

64 497 123 553 ἑορτή
139 488 175 548 (Jo
194 490 227 536 12,
244 484 288 543 20),
305 483 362 527 sunt.
385 481 407 524 Si
424 484 496 525 autem
513 483 640 540 quaerimus
657 499 710 541 quas
725 483 783 541 leges
799 483 960 528 caerimoniales

64 567 79 610 ii
94 561 186 622 gentiles
202 558 324 601 observasse
345 553 484 598 existimandi
502 558 560 608 sunt,
580 557 607 600 ad
622 556 645 599 id
660 557 724 600 nobis
739 556 846 614 doseplius
862 556 922 616 (cap
939 562 960 608 2,

66 641 108 696 10),
124 631 242 678 Jovenaiis
251 628 302 688 (Sat.
321 632 355 680 14,
367 628 493 687 ,βό-106),
510 627 656 672 Tertullianus
673 630 715 689 (Ad
726 630 808 673 nation.
821 636 840 683 1,
853 635 887 678 13.
904 629 960 674 MSL

66 717 84 763 1,
104 708 156 765 579)
177 702 313 759 respondent.
341 700 382 754 Qui
404 716 478 744 ornnes
501 703 640 745 consentiunt
655 703 760 759 imprimis
781 702 960 765 praeceptum-de
982 702 984 707 ’

62 782 133 841 quiete
149 775 232 821 sabbati
248 778 270 819 et
286 774 380 818 llosaica
396 774 421 817 de
438 774 492 817 cibis
509 779 621 831 praecepta
637 776 664 818 ab
679 776 705 818 iis
722 777 833 820 observata
849 791 899 823 esse.

2 898 4 910 ρ
124 853 143 895 Α
159 850 237 908 quibus
252 847 371 906 gentilibus
387 847 450 890 deum
467 848 612 892 metuentibus
627 848 642 891 ii
660 848 807 906 distinguendi
822 851 880 907 sunt,
896 848 933 906 qui
949 865 962 891 a

63 925 150 971 dudaeis
161 921 315 980 posterioribus
331 924 373 962 1111
388 920 424 965 vel
439 925 567 982 προσήλυτοι
584 921 748 978 appellabantur
759 921 837 980 quique
854 923 961 982 (utsupra

1 994 7 1059 {g
66 997 165 1056 diximus)
187 993 370 1038 circumcisionem
392 993 499 1037 subibant
521 997 542 1037 et
557 994 680 1038 uniuersam
700 995 771 1051 legem
787 994 903 1038 illosaicam
923 995 962 1038 cb-

64 1071 182 1121 servabant,
203 1071 228 1111 ut
243 1081 330 1124 prorsus
346 1065 423 1110 Judaei
440 1067 526 1111 fierent.
553 1068 580 1110 ln
595 1072 665 1112 uetere
687 1069 758 1111 autem
773 1070 903 1112 testamento
921 1072 962 1105 0³7³

66 1146 100 1189 uel
115 1147 240 1203 προσήλυτοι
255 1140 312 1184 nihil
328 1140 387 1186 aliud
403 1143 454 1183 sunt
465 1140 510 1183 nisi
528 1141 604 1198 quiin
621 1140 707 1185 civitte
717 1141 789 1184 Attica
806 1148 896 1203 μὲπουιοι
912 1143 963 1184 suut

69 1219 79 1261 '.
96 1232 111 1263 e¹
127 1214 241 1274 peregrini,
262 1214 299 1271 qui
315 1214 373 1257 inter
389 1214 501 1258 Hebraeos
523 1217 626 1272 perpetuo
642 1213 742 1258 habitant
763 1229 832 1272 neque
851 1213 906 1258 cives
921 1214 963 1256 rei-

67 1291 163 1347 publicae
184 1288 237 1332 facti
257 1290 308 1330 sunt
330 1288 441 1346 (osroenae,
463 1288 579 1344 tripodas).
607 1287 647 1332 sed
663 1289 757 1345 quantus
777 1287 842 1330 fuerit
862 1301 971 1330 numerus

65 1378 140 1406 eorum
151 1360 270 1418 gentilium,
288 1360 325 1417 qui
336 1359 500 1403 circumcisione
520 1361 544 1403 in
555 1360 662 1404 civitatem
674 1361 800 1404 Hebraicam
816 1361 964 1417 recapessat,

68 1451 112 1479 non
128 1435 251 1491 accepimus,
268 1448 337 1490 neque
354 1435 428 1477 tamen
439 1433 562 1486 errabimus,
579 1434 598 1476 si
614 1448 650 1477 ecs
666 1434 778 1491 aliquanto
794 1433 889 1476 minores
899 1432 964 1477 fuisse

67 1508 161 1551 dicemus
177 1521 242 1564 quam
258 1505 459 1566 φοβουμένουςηείνθ
476 1510 598 1567 σεβομένους
614 1514 647 1553 τὸν
663 1513 720 1553 θεόν.

6 1651 9 1657 ,Υ
129 1609 189 1658 Saepe
210 1608 288 1648 dicium
310 1610 340 1647 esi
360 1608 406 1647 illos
427 1609 563 1663 σεβουμενους
586 1621 597 1647 a
618 1608 709 1648 rabbinis
730 1603 787 1644 111117
808 1608 837 1646 ’11
853 1608 965 1659 proselytos

2 1664 12 1717 ³2,
67 1674 142 1721 postca
166 1668 220 1719 ipsos
240 1671 309 1709 autem
330 1669 474 1726 πρυσήλὺτους
497 1669 552 1713 Piae
571 1669 600 1707 ’11
620 1670 732 1720 proselytos
752 1670 838 1709 iustitiae
861 1669 965 1720 appellari.

5 1744 12 1774 :j
68 1730 97 1768 At
112 1730 213 1780 posterius
229 1730 312 1769 tantum
327 1742 398 1769 verum
415 1731 450 1769 est.
474 1729 580 1780 Loquendi
596 1730 644 1769 usui
656 1730 758 1770 llisclrnae
773 1730 808 1769 illa
824 1731 907 1770 nomina
923 1743 965 1769 cm-

70 1789 116 1829 niuo
132 1790 202 1841 ignota
217 1793 277 1839 sunt;
300 1803 349 1832 nam
369 1790 398 1831 ibi
413 1791 496 1829 tantum
513 1791 553 1823 ntur
575 1793 595 1830 et
612 1785 663 1823 :dia
681 1790 737 1832 ’111
755 1804 771 1830 e.
787 1792 874 1843 gentiles
890 1790 965 1831 Judaei

71 1849 117 1889 facti
133 1852 153 1889 et
169 1850 257 1891 advenae
277 1852 299 1890 in
320 1859 374 1890 terra
389 1852 453 1891 Israel
475 1851 591 1892 habitantes
609 1852 771 1904 distinguuntur.
798 1851 880 1892 Maioris
897 1855 965 1891 autem

69 1911 218 1961 perspicuitatis
240 1919 300 1952 causa
317 1914 386 1963 postea
407 1911 548 1962 11111111,
570 1912 592 1952 lii
608 1908 652 1945 ivri
669 1914 696 1945 '7³
716 1913 811 1964 appellati
828 1916 882 1953 sunt.
909 1912 965 1951 Unde

71 1967 212 2027 appar-erypila>
229 1973 256 2006 ’11
278 1973 358 2012 eosdem
375 1973 496 2025 significare,
517 1974 553 2024 qui
573 1973 596 2012 in
616 1975 684 2013 vetere
705 1976 828 2014 testamento
845 1973 965 2023 simpliciter

71 2030 111 2063 0³7³
126 2033 264 2073 nominantur.
291 2033 330 2072 Sed
346 2033 407 2073 etiam
429 2034 553 2086 aloquendi
570 2047 610 2074 usu
627 2034 732 2074 Talmudis
749 2034 810 2074 verba
826 2029 870 2067 atili
886 2034 912 2067 ’Ἶλ
929 2035 965 2074 ab·

71 2091 149 2132 horrere
160 2093 261 2142 videntur,
278 2095 333 2146 quod
350 2095 585 2146 sempertantuinmodo
602 2096 626 2135 de
642 2092 693 2129 :din
711 2095 737 2127 '7²
755 2097 774 2134 et
791 2095 831 2139 [ΤΠ
847 2095 874 2127 'll
891 2095 965 2146 agitur.

71 2151 140 2202 Neque
156 2154 212 2203 prius
225 2156 286 2195 verba
302 2149 345 2188 ivit
358 2155 385 2187 “7³
402 2156 538 2196 inueniuntur
550 2169 609 2206 quam
622 2157 677 2207 apud
688 2156 783 2196 rabbinos
799 2156 876 2195 mediae
888 2156 965 2195 aetatis,

72 2210 134 2256 Quare
144 2213 165 2252 id
176 2228 241 2254 unum
253 2216 364 2266 quaeritur,
380 2229 431 2255 num
447 2212 465 2258 οἱ
477 2214 584 2273 σεβόμενοι
595 2220 628 2259 πὀν
640 2219 690 2259 θεόν
706 2229 751 2256 cum
762 2217 814 2249 :uin
826 2217 853 2249 ’11
865 2216 965 2268 aequandi

82 2272 86 2280 '
110 2300 116 2315 ι,
142 2274 171 2312 Ex
186 2275 217 2324 iis,
234 2290 284 2328 quae
300 2276 359 2317 modo
376 2276 469 2327 diximus,
486 2278 620 2323 manifestum
635 2280 667 2317 est
682 2278 703 2317 id
719 2277 835 2329 negandum
851 2290 899 2317 osse.
927 2277 966 2323 uui

71 2330 91 2371 in
102 2333 185 2374 Talmud
200 2331 251 2370 :uio
268 2338 295 2370 iii
313 2340 416 2386 vocantur,
432 2338 494 2378 iidem
506 2342 560 2388 suni,
577 2340 613 2390 qui
628 2339 651 2377 in
661 2346 728 2378 uetere
739 2341 862 2378 testamento
880 2336 917 2393 (Ex
930 2344 964 2386 20,

75 2402 105 2435 10·
128 2396 154 2433 Di]
171 2404 189 2446 5,
208 2403 246 2447 145
270 2404 304 2446 14,
322 2404 361 2446 213
384 2404 418 2448 24,
439 2395 475 2454 14)
489 2400 535 2438 11οο
555 2400 636 2440 nomine
653 2399 795 2451 significantur
815 2400 828 2441 i.
844 2413 860 2438 e.
877 2399 965 2438 aduenae

70 2453 160 2495 interra
176 2458 238 2497 Israel
254 2459 375 2501 habitantes.
402 2459 459 2506 Quod
475 2461 496 2499 et
511 2459 543 2508 iis,
561 2473 612 2511 quae
628 2460 652 2500 de
668 2459 741 2499 iisdem
757 2460 779 2499 in
793 2459 879 2499 Talmud
894 2461 965 2511 postu-

70 2514 144 2564 lantur,
168 2519 304 2560 confirmatur.
330 2520 383 2559 Nam
403 2521 474 2570 Babyl.
492 2521 565 2561 ilbodo
588 2533 633 2561 sara
657 2517 699 2564 641]
721 2520 809 2572 legimus
832 2533 865 2561 eos
888 2522 966 2571 septem

5 2573 16 2629 1
72 2579 180 2628 praecepta,
198 2593 248 2630 quae
264 2581 312 2620 filiis
323 2581 381 2620 Noai]
397 2577 435 2637 (uir
452 2578 489 2636 ’35)
507 2581 520 2622 i.
532 2595 547 2621 e.
564 2583 603 2622 toti
619 2582 688 2633 generi
704 2581 794 2620 humano
809 2581 908 2631 imposita
918 2581 965 2630 sint,

72 2635 175 2678 obseruare
198 2640 276 2682 debere,
303 2641 359 2688 Quae
380 2647 488 2693 praecepta
511 2644 560 2682 sunt
580 2643 637 2683 haec:
663 2640 684 2696 1)
706 2642 849 2694 magistratum
871 2642 965 2690 revereri,

11 2708 16 2751 ζ,
74 2692 94 2748 2)
116 2700 262 2742 contumeliosa
283 2703 305 2741 in
328 2703 388 2742 deum
410 2703 464 2742 dieta
486 2703 557 2752 vitare,
585 2702 606 2758 3)
629 2704 655 2743 ab
677 2701 791 2742 idololatria
814 2716 834 2743 se
857 2702 965 2750 abstinere,

73 2753 94 2809 4)
110 2771 175 2810 neque
196 2761 296 2802 incestum
315 2758 381 2814 ireque
406 2761 426 2818 5)
443 2763 577 2804 homicidium
593 2763 725 2810 committere,
751 2761 771 2819 6)
788 2777 830 2805 non
845 2763 910 2803 furari
931 2766 967 2803 aut

71 2819 167 2869 praedari,
184 2818 205 2877 7)
223 2836 234 2861 a
250 2824 348 2875 sanguine
365 2824 466 2875 omnique,
485 2825 507 2864 in
523 2838 563 2877 quo
580 2825 663 2877 sanguis
680 2826 715 2872 est,
732 2837 753 2865 se
769 2825 869 2864 abstinere
886 2821 966 2879 (Babyl.

73 2876 184 2922 Sanhedrin
201 2879 257 2940 56³³).
280 2884 355 2930 uuoosi
372 2899 383 2924 a
399 2880 451 2918 31111
468 2886 495 2918 iii
513 2886 636 2936 postulatur,
652 2887 677 2925 ut
693 2898 715 2924 ea
730 2889 838 2937 praecepta
852 2885 966 2934 observent,

71 2936 92 2975 id
107 2940 159 2981 nihil
175 2944 231 2983 aliud
250 2945 288 2985 sibi
305 2946 350 2985 vult
366 2946 406 2985 nisi
421 2947 582 2999 peregrinorum,
604 2946 639 2997 qui
655 2946 677 2985 in
693 2947 747 2985 terra
763 2947 826 2986 lsrael
841 2945 910 2986 sedem
926 2948 967 2987 sta-

72 2996 132 3039 bilem
149 3003 245 3044 oollocare
261 3007 282 3046 in
299 3008 366 3047 animo
382 3007 476 3055 habeant,
493 3019 538 3047 esse
555 3008 627 3047 saltem
643 3019 667 3045 ea
682 3009 793 3058 praecepta,
811 3020 863 3058 quae
879 3007 904 3047 ad
921 3009 967 3048 uni-

72 3070 137 3101 versos
154 3063 243 3105 homines
259 3068 379 3117 pertineant,
401 3068 515 3110 observare.
542 3068 592 3108 Inde
608 3069 677 3107 autem
693 3068 759 3107 elucet
779 3068 828 3116 ποὺς
843 3068 970 3124 σεβομένους

71 3119 105 3161 τὸν
121 3124 170 3165 θεόν
187 3138 233 3165 cum
248 3123 300 3161 :din
318 3129 345 3162 *u
363 3129 444 3180 aequari
459 3143 501 3170 non
516 3141 581 3180 posse,
