2218 3388
112 63 154 108 156
404 63 450 100 Pars
463 63 478 100 l.
499 65 631 112 Antiquitates
644 77 709 103 sacrae

170 184 191 229 4.
224 183 292 227 Omne
314 185 479 230 Levitarum
501 202 570 246 genus
592 204 631 246 pro
648 204 738 233 numero
760 189 827 233 trium
843 189 936 234 filiorum
952 190 1003 234 Levi

109 255 132 298 in
148 258 190 313 tres
207 256 282 300 classes
298 257 388 302 divisum
404 263 455 314 erat,
472 264 497 305 ut
513 276 539 306 ex
555 261 596 306 hac
611 262 691 307 tabella
707 265 805 320 apparet:

528 372 580 415 Levi

110 444 1003 466 μ--ῇ-ῴ--ῴλὴ--ι--ᾙ-ῲ-χ

170 475 250 520 Gerson
491 485 493 489 '
512 467 603 519 Kahatlr
865 476 942 520 literani

110 548 290 566 μ-Ᾰ-η
363 554 563 565 r—————‘
566 555 748 567 *———-—··—x
822 549 1003 568 Ρ-Ᾰ--Ἶ

140 579 204 638 Lilmi
219 578 284 624 Simei
371 580 459 623 Amram
476 578 550 623 Jiahar
566 580 655 624 Hebron
671 579 731 624 Uniel
820 580 899 624 Maheli
916 580 972 625 illusi

341 684 414 726 Aaron
430 683 500 727 Moses

107 791 189 839 01111
206 797 226 844 6,
239 797 266 839 16
278 809 303 840 ss.
320 793 364 837 Nm
380 798 401 848 3,
415 799 441 842 17
454 810 484 845 ss;
501 799 536 847 26,
548 799 576 849 57
588 809 614 839 ss.
630 794 641 837 l
659 793 702 837 Chr
719 798 762 847 6,1
776 810 806 846 ss;
823 800 858 848 23,
869 799 882 842 6
894 810 919 837 ss.

114 930 115 935 =
169 902 240 946 Etiam
256 905 337 960 posteri
354 904 419 948 llosis
436 905 509 948 ceteris
525 904 606 948 Levitis
627 904 673 948 sine
694 903 800 962 dignitate
816 904 917 961 peculiari
934 904 1003 947 adnu-

109 976 185 1019 merati
206 980 257 1020 srmt
278 978 297 1037 (1
314 976 356 1021 chr
372 978 463 1037 23,14),
495 977 592 1021 rorasse
614 977 758 1023 sacerdotium
770 977 950 1034 illispropterea
965 991 1003 1020 ue-

105 1053 184 1106 gatum
205 1053 243 1104 est,
264 1050 321 1107 qriod
342 1064 367 1093 ex
388 1049 513 1094 mulieribus
529 1050 650 1107 peregrinis
666 1050 757 1107 suscepti
774 1052 850 1103 essent,
871 1065 897 1093 01
914 1050 1003 1107 Sippara

109 1115 243 1166 llidianitide
260 1123 300 1183 [Ex
317 1128 408 1177 2,21s;
427 1127 460 1176 18,
472 1125 539 1183 2-4)
557 1125 578 1166 01
595 1123 697 1167 Ouschita
714 1122 766 1184 (Nm
784 1127 818 1176 12,
831 1124 859 1183 1).

169 1224 223 1263 Uxor
239 1225 308 1274 illesis,
326 1225 349 1265 de
366 1239 406 1276 qua
421 1225 461 1264 Nm
481 1232 536 1272 12,1
556 1238 623 1265 sermo
640 1226 676 1272 est,
694 1238 735 1264 non
751 1227 783 1264 est
799 1225 889 1276 Sippara,
909 1218 1002 1264 11100111-

109 1285 177 1336 plures
194 1285 316 1337 interpretes
335 1286 487 1333 contenderunt.
519 1288 588 1326 Aaron
609 1285 663 1325 euim
686 1287 706 1325 et
722 1285 801 1337 lliirjam
818 1288 870 1326 certe
887 1299 933 1326 eum
948 1286 1003 1324 nese

108 1358 150 1389 non
166 1348 215 1386 suut
236 1347 296 1386 rixati
316 1346 400 1397 propter
420 1360 508 1395 01010111,
531 1360 592 1398 quarn
610 1346 745 1399 quadraginta
767 1346 825 1386 annis
847 1348 893 1386 ante
913 1346 1002 1394 duxerat.

108 1407 215 1446 Praeterea
226 1408 309 1459 Sippara
324 1421 366 1448 non
377 1408 471 1447 Cuschita
486 1408 528 1447 sive
539 1407 670 1460 Aethiopissa
686 1410 734 1456 erat,
752 1407 787 1447 sed
803 1406 921 1447 liiidianitis.
938 1406 1003 1453 Quare

109 1467 204 1507 credibile
220 1470 251 1508 est
266 1469 335 1509 lloscn
350 1470 431 1509 mortua
448 1468 533 1519 Sippora
548 1469 608 1509 aliam
625 1481 710 1508 uxorem
726 1469 808 1508 duxisse
825 1480 908 1518 eamque
920 1467 1001 1507 (lusciti-

108 1530 156 1577 tam,
174 1528 231 1569 ouius
247 1542 320 1569 nomen
336 1531 403 1575 tamen
420 1530 500 1570 litterae
516 1541 582 1570 sacrae
598 1543 640 1569 non
656 1530 746 1572 tradunt.

112 1705 113 1709 Ἰ
170 1648 193 1704 a)
225 1645 298 1691 Oritici
313 1649 399 1690 nostrae
415 1647 491 1690 aetatis
506 1662 550 1703 prov
562 1648 619 1690 certo
636 1646 719 1690 habent
735 1647 852 1690 secundum
871 1646 928 1704 leges
944 1647 1002 1689 Deu-

108 1719 224 1762 teronomii
244 1719 360 1776 quemlibet
375 1720 473 1763 Levitam
489 1720 607 1764 sacerdotio
623 1714 689 1777 fungi
704 1719 800 1776 potuisse
822 1722 886 1777 atque
902 1719 1003 1763 omnibus

108 1792 171 1835 rebus
187 1793 331 1836 sacerdotibus
349 1796 465 1851 aequatum
480 1808 531 1839 esse.

170 1893 234 1940 duam
255 1894 371 1945 opinionem
390 1895 481 1946 primum
500 1894 583 1945 quidem
600 1908 622 1934 eo
638 1895 725 1946 probare
746 1894 835 1943 student,
857 1893 910 1944 quod
932 1892 1002 1942 officia,

106 1967 161 2004 quae
177 1955 204 1994 Dt
223 1962 255 2003 10,
274 1961 285 1998 8
307 1956 373 1995 tribus
389 1955 490 1996 Leviticae
510 1957 592 2007 propria
614 1968 658 1995 esse
679 1956 782 2003 dicuntur,
805 1954 939 1994 sacerdotalia
956 1955 1002 1994 sint,

108 2016 132 2055 ld
149 2016 203 2066 quod
220 2016 260 2055 illis
277 2016 326 2057 loeis
342 2016 459 2056 Jahvisticis
476 2017 524 2056 libri
539 2016 603 2056 desua
624 2013 668 2071 (13,
690 2021 723 2064 14,
741 2021 780 2064 333
799 2022 832 2064 18,
850 2012 870 2069 1)
890 2014 1003 2055 confirmari

109 2074 235 2130 existimanti,
264 2078 338 2127 quibus
361 2077 495 2117 sacerdotium
517 2078 593 2117 dativae
619 2077 723 2117 hereditas
749 2077 816 2117 tribus
838 2076 938 2117 Leviticae
960 2088 1003 2116 esse

106 2137 188 2179 dieitur.

170 2210 233 2262 Atqui
254 2211 334 2251 etiamsi
355 2211 423 2251 omnia
443 2224 466 2251 ea
482 2211 553 2257 officia,
576 2224 628 2262 quae
644 2212 672 2250 Dt
692 2217 748 2259 10,8
766 2212 917 2257 enumerantur,
940 2222 1003 2249 sacer-

105 2271 184 2311 dotalia
199 2285 242 2312 esse
258 2272 420 2324 concederemus,
441 2275 505 2312 tamen
520 2272 569 2313 inde
586 2272 655 2323 colligi
675 2284 717 2312 non
732 2273 801 2323 posset
817 2271 911 2311 omnibus
927 2270 1003 2310 Levitis

108 2333 186 2372 aditum
203 2333 227 2372 ad
244 2333 378 2373 sacerdotium
394 2334 490 2385 patuisse.
521 2334 572 2373 Nam
588 2335 613 2372 ut
629 2332 726 2372 mulieres
742 2332 858 2383 liberosque
873 2330 1003 2384 praetermit-

108 2395 181 2441 tamus,
204 2394 314 2433 sacerdotio
336 2395 411 2434 exclusi
431 2396 489 2434 erant
510 2407 555 2434 cum
571 2393 592 2440 ii,
614 2394 650 2445 qui
671 2394 739 2444 aliquo
756 2394 843 2445 corporis
860 2393 908 2433 vitio
924 2392 1003 2432 labore-

107 2456 158 2494 bant
174 2453 210 2510 (nv
228 2452 377 2511 21,18-2o)‚
394 2457 439 2496 tum
456 2456 476 2503 ii,
493 2455 528 2506 qui
545 2455 571 2494 ad
587 2455 679 2494 fictorum
696 2453 778 2494 deorum
795 2454 874 2495 cultum
889 2453 1004 2492 defecerant

107 2511 139 2571 (Π
154 2515 184 2568 ng
202 2514 439 2572 1181114111).
472 2515 604 2556 contradici
627 2515 710 2566 quidem
732 2517 801 2566 potest
821 2515 853 2554 ius
869 2515 933 2553 fuisse
950 2526 1003 2553 com·

108 2590 169 2615 mune
186 2578 247 2627 atque
268 2570 415 2617 solmn'usum
435 2577 487 2617 iuris
504 2577 564 2617 certis
581 2576 705 2627 quibusdam
721 2576 873 2619 condicionibus
889 2574 952 2614 fuisse
968 2575 1003 2614 ad-

109 2651 187 2678 nexum.
220 2639 247 2677 At
269 2637 290 2676 id
312 2638 379 2689 ipsum
402 2639 513 2689 quaeritur,
535 2651 584 2677 num
606 2638 639 2676 ius
663 2637 771 2677 sacerdotii
794 2636 896 2688 quondam
912 2635 1004 2675 omnium

109 2698 224 2737 Levitarum
241 2711 347 2738 commune
362 2699 425 2739 fuerit
446 2700 478 2739 vel
498 2712 547 2738 nuni
572 2701 643 2738 auctor
659 2698 812 2738 Deuteronomii
833 2708 902 2736 omnes
917 2696 1003 2745 Levites,

109 2759 126 2798 si
141 2772 182 2798 non
197 2772 218 2799 ve
235 2759 284 2810 ipsa,
301 2762 369 2799 tamen
385 2760 428 2800 iure
444 2760 557 2800 sacerdotes
573 2772 615 2800 esse
632 2760 691 2802 dicat.
717 2759 789 2809 Neque
806 2771 853 2798 vero
869 2757 923 2808 quod
939 2769 1003 2797 sacer-

105 2820 189 2860 dotium
211 2820 312 2860 hereditas
334 2821 400 2860 tribus
417 2822 517 2861 Leviticae
538 2821 629 2869 vocatur,
653 2820 728 2859 ideirco
744 2819 881 2859 sacerdotium
898 2830 1004 2858 commune

108 2881 153 2921 suit,
185 2881 236 2920 Nam
253 2881 292 2920 etsi
308 2882 373 2921 tribus
389 2882 437 2922 Levi
457 2881 570 2922 seeundum
585 2881 631 2921 iura
648 2883 669 2920 et
686 2880 751 2921 officia
772 2880 795 2919 in
811 2879 860 2919 duos
877 2878 963 2929 ordines,
980 2878 1002 2916 fi-

109 2942 465 2994 11011010110010101000110111110,
487 2942 552 2982 divisa
573 2944 621 2991 erat,
644 2943 714 2981 tamen
730 2941 769 2980 dici
785 2941 853 2992 potest
869 2940 1004 2979 sacerdotium

109 3003 241 3043 hereditatem
257 3004 373 3043 Levitarum
394 3003 461 3052 fuisse,
484 3003 532 3055 quia
552 3003 667 3043 secundum
687 2999 753 3054 legem
774 3001 918 3041 sacerdotalem
940 3013 1004 3040 sacer-

106 3064 165 3104 dotes
186 3065 207 3102 et
222 3064 303 3104 Levitae
318 3078 382 3104 unum
406 3077 478 3115 corpus
499 3063 590 3104 efficiunt
611 3066 673 3115 atque
689 3063 770 3103 Levitae
791 3062 927 3102 sacerdotibus
949 3074 1004 3101 asso-

106 3113 458 3180 mmmmmn
