2147 3361
289 1018 448 1073 Addeuda
469 1022 500 1071 et
520 1020 726 1074 emendanda

120 1257 166 1304 Pag.
175 1259 192 1296 3.
205 1257 240 1294 lin.
251 1259 274 1295 4:
288 1256 312 1294 N.
325 1257 433 1305 Baggio,
446 1258 596 1306 Archaeologiae
609 1258 691 1295 biblicae
705 1258 797 1297 elementa
810 1261 835 1297 ad
848 1251 954 1299 scholarum

61 1330 116 1356 usum
129 1318 277 1356 accommodata.
297 1318 447 1358 Vicenua1913.
954 1318 956 1324 ’

120 1382 137 1425 3,
151 1382 172 1418 6:
185 1378 207 1416 Ε.
220 1378 313 1423 Huber,
326 1378 431 1416 Biblischer
444 1377 565 1416 Bildoratlas.
585 1378 745 1416 Mfinchen-Trier
759 1382 812 1420 1913.

120 1443 137 1485 4,
157 1443 191 1479 29:
210 1440 231 1476 P.
248 1439 321 1485 Vola,
340 1440 374 1476 Die
394 1439 498 1476 biblischen
517 1440 641 1486 Altertdmer.
665 1439 835 1489 Oslwsmagart
853 1445 908 1482 1914.
930 1443 951 1483 G.

60 1502 158 1546 Kcizer,
173 1500 279 1548 Biy'belsclse
291 1500 425 1548 archaeologic.
446 1499 526 1538 Utrecht
538 1503 593 1540 1914.

123 1564 139 1606 8,
152 1564 189 1601 41:
205 1560 338 1598 Recentissime
351 1562 416 1598 omnia
428 1561 514 1598 Philonis
527 1572 586 1609 opera
599 1562 700 1610 ediderunt
712 1564 734 1601 L.
749 1565 803 1610 Oche,
816 1565 837 1601 P.
851 1565 955 1613 Warcload,

63 1625 80 1661 S.
93 1626 159 1668 Baiter,
174 1625 185 1661 6
197 1623 234 1660 rol.
246 1623 329 1661 Berolini
341 1625 467 1662 1896-1915.

126 1687 154 1730 12,
172 1687 206 1723 39:
226 1684 300 1721 Novam
317 1683 420 1720 editionem
438 1684 536 1721 Talmndis
550 1684 652 1731 Babylonii
668 1686 707 1721 una
725 1697 768 1721 cum
784 1686 839 1722 textu
856 1686 955 1726 Mischnae

61 1734 152 1792 procurat
165 1745 185 1782 L.
199 1744 386 1789 Goldschmidt,
400 1745 485 1782 Berolini
498 1738 577 1784 189711.
952 1736 953 1739 “

120 1809 149 1850 20,
170 1809 192 1845 8:
215 1805 236 1843 D.
256 1805 422 1851 lllaclrenzie,
442 1805 571 1843 Excarations
592 1799 615 1843 at
633 1806 670 1842 Ain
690 1806 757 1844 siens
777 1807 833 1858 (Beth
852 1808 955 1859 Shemesh).

59 1865 205 1906 London1914.
619 1883 620 1886 ’

119 1930 148 1972 29,
160 1930 195 1966 14:
210 1927 299 1965 Conferas
312 1928 370 1965 etiam
378 1928 401 1967 B.
409 1927 543 1972 Meissner,
556 1928 591 1966 Die
599 1927 714 1965 Keilsohrift
727 1929 846 1978 (Sammlnng
855 1924 955 1980 Goschen).

60 1987 210 2036 Berlin-Leipzig
223 1991 276 2028 1914.
375 2037 377 2040 ι

119 2051 148 2093 33,
156 2052 189 2088 19:
199 2049 222 2085 11
228 2050 307 2087 sessione
316 2050 411 2087 societatis
419 2049 549 2093 Germanicae,
560 2061 608 2096 quac
615 2050 718 2098 oboriente
725 2050 834 2087 nominatur
841 2051 955 2100 („Deutscl1e

61 2108 263 2147 Oriens-cesanam
273 2112 295 2160 ι1),
313 2110 343 2148 die
361 2110 515 2149 carlomanus
529 2113 576 2150 1915
590 2109 677 2147 Berolini
694 2111 761 2148 habita
778 2114 800 2148 F.
814 2113 896 2158 favores,
913 2123 955 2159 pro-

59 2170 117 2207 fessor
128 2170 284 2216 Vindobonensis,
300 2171 377 2209 rettulit
390 2172 425 2209 sibi
438 2172 546 2220 contigisse,
564 2173 587 2208 ut
600 2172 660 2209 etiam
672 2171 748 2219 linguae
762 2171 901 2218 Chittaeorum‚
919 2174 954 2220 qui

60 2233 135 2277 praeter
151 2232 227 2269 litteras
246 2231 338 2278 quasdam
355 2231 472 2279 imaginibus
489 2243 585 2280 expressas
604 2231 699 2278 scriptura
719 2242 795 2278 quoque
813 2232 923 2269 cuneitbrmi
942 2244 954 2269 e

60 2290 169 2338 Babyloniis
186 2294 263 2341 recepta
279 2294 387 2338 utebantur,
406 2293 466 2329 adhuc
484 2294 563 2340 ignotae
580 2293 644 2329 lumen
662 2293 740 2329 afferret
755 2294 821 2339 itaque
834 2293 954 2330 intellectum

60 2353 164 2390 multarum
176 2353 322 2402 inscriptionum
335 2365 398 2390 sorum
411 2354 432 2391 in
444 2354 516 2391 tabulis
525 2353 620 2396 fictilibus,
634 2353 737 2400 lapidibus,
750 2353 854 2401 parietibus
866 2365 954 2393 saxorum

61 2410 201 2461 insculptarum
215 2415 302 2462 aperiret.

119 2477 149 2520 45,
164 2478 189 2514 40
207 2477 251 2523 post
267 2476 334 2512 verba:
354 2475 386 2518 „ld
403 2477 459 2513 11111
472 2476 609 2512 testamentum
627 2474 697 2511 diserte
715 2474 773 2511 (11111ι
790 2474 891 2511 inserenda
909 2477 954 2511 sunt

59 2531 117 2571 haec:
136 2535 192 2580 Quod
206 2536 269 2572 autem
281 2536 346 2572 nostra
359 2536 422 2572 aetate
438 2547 495 2583 saepe
508 2535 624 2572 affirmatur·
632 2535 685 2572 haud
697 2546 757 2583 pauca
770 2535 859 2573 instituta
877 2536 902 2573 ad
915 2536 953 2572 cul-

59 2593 101 2630 tum
114 2595 220 2633 Massicum
232 2595 351 2644 pertinentia
364 2596 469 2633 Cananaeis
486 2596 649 2633 intercedentibus
666 2607 678 2631 a
690 2595 800 2642 Babyloniis
817 2599 894 2644 recepta
908 2608 953 2642 csse,

59 2651 80 2689 id
93 2655 157 2692 solidis
170 2657 288 2704 argumentis
302 2656 409 2694 confirmari
422 2669 459 2693 non
472 2658 543 2704 potest.
563 2657 614 2693 Nam
628 2646 746 2703 quamquam
759 2669 798 2693 non
810 2670 903 2705 negamus
916 2658 953 2695 He·

60 2713 124 2753 braeos
141 2718 162 2754 in
175 2717 251 2755 Canaau
264 2718 396 2766 immigrautes
408 2719 555 2765 Babyloniorum
573 2717 646 2754 cultum
664 2718 769 2755 humanum
782 2717 901 2764 civilemque,
920 2720 953 2765 qui

60 2772 86 2811 ibi
97 2776 141 2823 plus
153 2779 215 2815 minus
228 2779 312 2826 florebat,
325 2792 401 2827 prorsus
414 2781 485 2817 evitare
498 2791 537 2817 non
546 2778 637 2827 potuisse,
651 2781 716 2816 tamen
724 2778 874 2825 Babyloniorum
888 2783 953 2817 aucto-

59 2834 106 2872 ritas
118 2838 171 2876 haud
183 2852 299 2889 magnopere
317 2840 341 2877 ad
357 2852 388 2877 eos
400 2840 514 2888 pertinuisse
527 2840 654 2891 existimanda
667 2842 700 2883 est,
720 2840 765 2886 quia
776 2851 800 2876 ne
813 2839 863 2876 illud
876 2840 953 2886 quidem

60 2895 211 2937 demonstratum
229 2902 257 2938 est
269 2901 377 2939 Cananaeos
390 2901 440 2949 ipsos
458 2903 479 2938 11
492 2902 545 2938 cultu
564 2902 623 2948 atque
636 2901 756 2938 humanitate
769 2901 886 2947 Babylonios
903 2902 953 2938 solos

60 2960 132 2997 secutos
145 2973 189 2999 esse.

119 3022 148 3066 88,
162 3026 196 3061 29:
213 3024 305 3062 1111111
318 3025 396 3062 fortasse
409 3024 447 3062 dici
460 3026 529 3072 potest,
547 3034 592 3071 quos
605 3035 694 3060 numeros
707 3020 818 3073 (mensuras)
831 3023 852 3058 in
865 3023 953 3060 talerna-

60 3078 102 3116 culo
114 3081 195 3121 foederis
209 3086 311 3134 descriptos
323 3086 438 3131 invenimus,
452 3097 482 3123 eos
492 3084 598 3131 symbolica
611 3095 650 3120 esse
664 3084 806 3131 significatione.
828 3083 896 3130 Neque
907 3096 954 3122 vero

59 3138 144 3186 lipidam
161 3144 320 3192 significationem
339 3147 362 3184 ad
382 3159 412 3185 eos
433 3146 528 3194 pertinere
547 3146 592 3183 inde
609 3144 743 3192 intellegimus,
763 3146 813 3192 quod
831 3145 875 3183 cubi
893 3146 954 3184 forma
