2147 3361
414 82 508 120 Sacrificio
520 83 610 121 universa
918 89 962 133 297

62 214 176 264 ¹interprete
192 210 322 263 opinionibus
336 210 471 263 praesumptis
481 211 544 251 libero
555 214 684 263 agnoscatur.
712 212 778 259 Quare
788 212 834 252 inre
846 211 961 261 meritoque
1023 216 1025 221 ’

63 275 152 316 dicimus
173 272 275 326 sacrificia,
296 268 389 323 in'quae
409 272 518 322 prophetae
538 273 671 321 invehuntur,
693 286 760 324 neque
776 272 876 314 Mosaioae
894 285 960 324 neque

67 336 146 377 divinae
166 333 251 386 originis
271 333 339 383 fnisse,
354 332 398 372 sed
418 332 471 372 nihil
490 333 530 373 nisi
551 347 611 384 opera
633 337 722 382 externa,
743 334 855 386 inquibus
875 333 962 373 Hebraei

67 410 107 438 non
123 395 250 447 paenitentes
267 394 360 434 omnibus
375 393 486 445 praeceptis
502 394 562 433 officii
572 395 673 447 neglectis
685 407 742 447 spem
752 396 862 447 ponebant.
886 389 962 434 uotum

66 461 135 499 antem
151 456 187 495 Jer
199 461 217 504 7,
231 460 319 498 21-24
335 454 425 495 homines
441 454 517 494 eruditi
533 456 588 495 varie
603 456 736 508 interpretati
752 459 806 497 sunt.
834 456 900 495 Verba
915 469 962 507 pro-

66 520 138 571 phetae
160 518 210 556 sunt
229 517 286 557 haee:
308 516 353 564 „stc
373 515 422 555 dicit
437 516 500 556 Jahve
521 516 654 566 exercituum,
676 517 725 557 deus
741 518 814 558 Israel:
837 517 961 557 Holocausta

69 582 134 621 restra
154 577 221 617 addite
242 577 344 617 sacrificiis
365 577 438 617 restris
460 573 560 633 (reliquis)
582 578 603 616 et
622 577 722 617 comedite
743 582 835 619 carnemt
862 577 962 624 Quoniam

65 642 91 681 de
108 639 224 679 holocausto
240 640 261 679 et
276 638 372 678 sacrificio
388 637 440 677 nihii
456 639 536 678 locutus
553 650 600 677 sum
616 651 663 677 eum
684 639 777 690 patribus
798 639 873 679 vestris
896 652 961 690 neque

64 701 158 754 praecepi
174 700 235 739 iisco
251 700 287 748 die,
304 711 340 751 prro
357 699 415 738 educi
431 712 461 739 ecs
476 700 500 738 ae
515 704 570 738 terro
581 698 672 751 Aepppti.
700 700 738 740 Sed
754 700 791 739 hoc
802 701 887 741 verbum
902 713 961 751 prae-

64 762 112 813 cepi
128 761 152 801 iis
168 761 247 800 dicens:
269 760 344 800 Audite
364 773 432 800 rocem
453 773 517 799 meam
538 762 559 799 et
574 772 607 799 ero
624 761 672 799 deas
688 766 754 808 cester,
776 774 809 801 cos
825 766 890 800 arctam
906 762 962 800 eritis

63 823 152 875 populus
168 834 228 869 meua,
245 824 266 862 et
282 821 383 861 ambulate
399 821 421 861 in
437 821 490 861 omni
506 821 543 869 via,
561 834 622 872 quam
638 822 733 874 praecepi
749 822 813 871 uobis,
829 825 854 861 ut
868 822 920 861 bene
936 822 963 861 sit

67 884 133 924 robis:
155 883 190 923 Itb'
206 887 271 922 outae
286 895 325 922 coa
341 882 447 922 erudierunt
462 894 521 933 raeque
535 882 672 933 praebuerant
689 895 760 922 curem
775 895 841 933 sacam,
863 883 899 922 sed
919 897 962 921 ain-

68 946 192 985 bnlaverunt
213 944 324 983 secundum
345 943 428 984 consilia
444 956 481 983 sua
496 944 517 983 et
533 943 646 983 secundnm
661 942 770 984 libidinem
786 943 851 983 cordis
868 944 900 983 sui
915 943 964 982 maii

69 1009 90 1046 et
100 1005 185 1045 fuerunt
199 1006 312 1045 retrorsum
323 1006 344 1044 et
354 1018 395 1045 non
411 1005 436 1043 ad
451 1004 521 1044 faeiem
539 1001 560 1060 (i.
572 1017 588 1044 e.
599 1005 658 1056 tergo
670 1004 721 1043 mihi
737 1005 820 1044 obverso
832 1019 844 1044 a
854 1017 886 1044 me
899 1017 963 1044 reces-

68 1070 144 1114 serunt,
160 1077 201 1105 non
213 1065 238 1105 ad
248 1079 281 1105 me
297 1062 448 1122 accesserunt)“.
476 1064 553 1112 cuitus
570 1066 639 1106 verbis
656 1065 708 1105 clare
725 1065 802 1105 dietum
820 1078 862 1105 esse
878 1065 909 1104 illi
924 1065 963 1104 riri

65 1128 123 1167 docti
144 1127 252 1174 affirmant,
274 1139 319 1165 cum
336 1126 421 1166 Hebraei
437 1140 460 1166 ex
476 1127 568 1179 Aegypto
585 1126 768 1177 proficiscerentur,
790 1128 846 1179 leges
863 1126 887 1166 de
903 1127 964 1166 saeri-

69 1189 119 1228 ficiis
136 1189 222 1239 aliisque
238 1188 318 1236 ritibus,
335 1188 371 1239 qni
386 1187 411 1226 ad
427 1188 504 1227 cultum
520 1188 613 1227 divinum
630 1187 763 1239 pertinerent,
786 1188 907 1228 constitutus
923 1200 963 1226 non

69 1262 116 1299 esse⁷
137 1249 198 1288 immo
214 1260 262 1288 rero
278 1249 346 1289 omnia
362 1248 458 1289 sacrificia
473 1262 485 1287 a
500 1250 599 1299 propheta
615 1249 727 1300 improbari
744 1261 767 1288 ao
782 1248 903 1300 repudiarit
925 1249 963 1287 Sed

69 1312 106 1350 hoc
122 1310 204 1360 quidem
220 1309 308 1350 Jeremia
323 1323 451 1361 nequaquam
466 1309 535 1349 fecisse
551 1312 630 1361 potest3
647 1323 695 1348 nam
710 1310 765 1350 idem
782 1315 816 1358 33,
836 1314 886 1351 rra
902 1309 961 1349 dicit:

68 1371 127 1420 „Non
143 1371 271 1411 exscindetur
288 1372 337 1426 (non
347 1368 434 1427 deficiet)
450 1369 513 1410 David
530 1367 590 1425 (regi)
608 1371 645 1418 vir,
663 1370 699 1421 qui
716 1371 772 1411 sedet
788 1370 810 1410 in
826 1371 876 1411 sotio
893 1371 964 1410 domus

68 1433 138 1478 Israel,
156 1437 176 1471 et
192 1431 331 1472 sacerdotibus
347 1431 422 1471 Levitis
437 1445 477 1472 non
493 1431 625 1471 exscindetur
640 1432 673 1471 vir
689 1432 710 1485 (i.
722 1445 739 1473 e.
753 1432 867 1472 sacerdotes
883 1432 963 1471 Levitae

69 1507 181 1543 numquam
197 1489 300 1548 deficient)
312 1507 323 1532 a
333 1493 383 1533 facie
395 1506 443 1541 mea,
454 1492 490 1544 qui
505 1493 604 1533 sacrificet
620 1493 740 1533 holocausta
755 1497 776 1533 et
791 1492 887 1533 incendat
903 1492 964 1532 sacri-

66 1555 136 1593 ficium
159 1554 256 1594 cibarium
275 1553 351 1605 quique
371 1554 463 1594 victimas
483 1553 543 1594 faeiat
560 1554 640 1593 eunctis
657 1553 749 1594 dicbus‘.
781 1554 802 1593 st
818 1555 888 1594 autem
904 1553 965 1593 sacri-

69 1615 113 1654 ficia
134 1615 287 1667 sacerdotesque
308 1628 386 1666 semper
408 1615 449 1655 fore
469 1615 574 1666 praedicit
596 1615 657 1655 etiam
674 1628 697 1654 ex
714 1628 755 1666 quo
770 1617 862 1666 tempore
877 1614 965 1654 Hebraei

70 1676 194 1716 exst'terunt
215 1676 312 1716 sacrificia
334 1675 485 1727 sacerdotesque
507 1677 600 1727 posuisse
623 1675 770 1716 existimandus
791 1678 828 1716 est.
859 1677 966 1715 Praeterea

70 1749 153 1788 prorsus
171 1737 196 1777 ad
212 1737 320 1777 arbitrium
331 1737 438 1788 descriptio
454 1737 561 1787 temporis:
578 1749 615 1786 „eo
627 1736 666 1785 die,
683 1750 723 1788 quo
735 1736 795 1777 eduxi
806 1739 875 1789 patres
886 1738 965 1776 vestros

39 1826 43 1836 .
70 1799 95 1837 dc
111 1802 165 1837 terra
181 1798 281 1850 Aegypte
302 1798 327 1837 ad
347 1799 414 1838 totum
434 1800 519 1849 tempus,
541 1811 581 1849 quo
597 1797 686 1837 Hebraei
702 1798 725 1837 in
742 1798 822 1837 deserto
842 1797 964 1850 migrabant,

70 1858 168 1906 refertur3
189 1872 254 1910 neque
275 1859 328 1899 enim
349 1859 437 1899 Jeremia
457 1859 515 1899 dicit:
537 1859 576 1908 „iis
598 1858 685 1899 diebus‘
708 1855 747 1915 (z
763 1871 786 1898 eo
802 1856 909 1914 tempore),
931 1858 966 1898 sed

71 1920 136 1960 mutto
158 1921 282 1959 accuratius:
303 1933 338 1970 „eo
359 1920 397 1968 die,
418 1933 457 1972 quo
479 1920 538 1960 eduxi
555 1924 602 1960 eos*
619 1921 632 1961 i.
650 1932 666 1959 e.
683 1921 749 1970 primo
765 1919 894 1972 migrationis
910 1920 966 1959 itlius

71 1980 135 2021 initio.
162 1983 229 2033 Atque
246 1982 282 2020 nbi
297 1981 392 2029 narratio,
409 1994 448 2032 quo
459 1981 518 2021 modo
529 1981 618 2032 populus
630 1994 654 2020 cx
666 1981 759 2034 Aegypto
771 1984 869 2028 servetur,
887 1980 965 2031 incipit,

70 2041 99 2081 ibi
115 2042 163 2081 haec
179 2043 241 2082 verba
257 2042 341 2082 aJahve
357 2041 408 2082 Mosi
424 2042 477 2081 dicta
491 2042 620 2090 invenimus3
638 2042 688 2089 „Die
705 2055 753 2093 ergo
768 2042 817 2081 filiis
833 2042 906 2081 Israel:
923 2042 965 2093 Ego

67 2099 133 2157 isnin)
151 2103 216 2142 Jahre
232 2101 277 2160 (qui
293 2116 334 2143 non
349 2104 418 2142 mutor
434 2116 456 2143 ac
472 2103 556 2154 proinde
572 2102 680 2153 premissis
697 2098 738 2157 sto)
760 2105 781 2142 et
797 2104 879 2142 caiacum
895 2115 927 2142 coa
943 2103 966 2141 dc

71 2164 260 2216 crreritusAepppti
276 2167 381 2204 eternam
396 2176 431 2204 vos
448 2164 472 2203 de
493 2165 591 2204 servitute
613 2176 684 2203 eorum
705 2166 726 2203 et
746 2162 846 2203 redimam
862 2176 898 2204 vos
920 2176 966 2203 cnm

70 2220 163 2264 bracchio
184 2228 262 2265 exserto
283 2222 354 2280 (manu
369 2222 489 2281 praevalida)
511 2228 532 2265 et
547 2224 629 2265 iudiciis
651 2226 730 2276 magnis
752 2221 773 2278 (i.
789 2239 806 2268 a,
822 2224 894 2276 plagis,
915 2237 966 2276 quas

71 2286 178 2336 Aegyptiis
198 2285 304 2339 infligam).
335 2286 351 2325 E
380 2298 457 2325 sconem
477 2299 509 2325 cos
530 2287 578 2326 milii·
594 2287 617 2325 c'a
630 2286 729 2335 propulere
750 2298 820 2337 eroque
835 2286 883 2325 decis
898 2290 966 2335 cester,

71 2344 92 2384 et
108 2346 181 2395 scietis,
203 2347 258 2398 quod
279 2360 315 2400 ego
331 2347 394 2387 Jahve
411 2342 478 2403 (suin),
500 2347 549 2387 dens
566 2349 640 2396 vester,
662 2347 697 2398 qai
713 2347 771 2386 edrico
787 2359 820 2386 cus
836 2347 859 2385 de
875 2346 966 2386 ueteribus

72 2407 202 2459 riepppti„
233 2409 301 2460 Atque
317 2409 380 2448 Moses
397 2420 419 2447 eo
435 2408 494 2448 modo
510 2408 592 2448 locutus
609 2411 704 2448 osteum
720 2407 768 2447 filiis
783 2407 853 2447 Israel.
885 2408 906 2447 E
926 2419 966 2447 raca

70 2468 178 2509 <irretierunt
198 2464 349 2524 (attenderunt)
372 2470 397 2508 od
418 2468 484 2509 Mosen
504 2482 553 2521 prae
573 2469 716 2510 decurtatione
737 2468 823 2520 spiritus
844 2470 865 2508 et
885 2470 966 2519 propter

71 2529 192 2570 servitutem
208 2530 360 2583 gravissimam“
376 2528 413 2585 (Ex
430 2538 448 2578 a,
466 2528 539 2586 6-9).
568 2530 597 2569 De
614 2543 655 2582 quo
671 2531 715 2570 loco
732 2529 794 2569 Exodi
812 2529 862 2581 quin
878 2529 966 2568 {Ieremia

72 2589 152 2641 cogitet,
169 2591 203 2631 vix
219 2594 250 2631 est
266 2590 357 2640 dubium,
379 2603 424 2631 eum
439 2592 512 2631 iisdem
528 2591 568 2631 fere
585 2591 652 2631 verbis
669 2591 733 2631 dieat:
755 2591 797 2638 „De
812 2591 930 2630 holocausto
946 2592 966 2628 et

72 2651 168 2692 sacrificio
184 2652 333 2692 nihirmentus
350 2665 395 2692 sum
410 2664 455 2692 oum
471 2653 565 2704 patribus
582 2653 657 2691 vestris
673 2665 740 2704 neque
755 2651 848 2703 praecepi
858 2650 884 2690 iis
895 2664 917 2690 co
929 2650 966 2698 die,

72 2723 111 2760 quo
133 2713 193 2753 eduxi
214 2726 247 2754 cos
263 2714 287 2752 de
307 2714 360 2753 terra
375 2714 468 2766 Aegypti.
500 2713 538 2753 Sed
559 2714 597 2752 hoo
618 2713 706 2756 uerbum
727 2713 819 2764 praecepi
838 2711 965 2751 iisdieens:

71 2772 147 2812 Audite
163 2787 233 2814 rocem
248 2787 313 2814 meam
330 2777 350 2814 et
366 2787 398 2813 ero
414 2775 541 2823 deprecarer,
558 2787 591 2813 ecs
607 2779 675 2814 cutem
692 2775 747 2813 eritis
759 2773 847 2824 populas
863 2784 916 2812 riscus
928 2805 931 2814 .
944 2803 964 2814 .,

71 2831 106 2870 Rb'
123 2840 187 2875 certem
203 2848 243 2875 conv
259 2836 385 2875 cauteriare.
417 2835 526 2875 unrocus
548 2836 566 2875 ei
582 2835 705 2875 documento
727 2836 758 2874 est
774 2833 876 2873 doctrinae
892 2847 904 2872 a
919 2847 966 2884 pro-

71 2893 139 2942 phetis
155 2898 225 2937 crebro
241 2896 371 2949 praedicatae,
388 2908 411 2934 ex
427 2910 467 2948 qua
482 2899 557 2936 rectam
573 2896 664 2952 bominis
681 2896 777 2935 adversus
791 2895 850 2933 deum
867 2895 966 2933 rationem

72 2954 168 2997 sacrificia
184 2958 301 2998 antecedere
317 2969 448 2998 necessesesse
459 2958 598 3005 contendunt3
614 2970 663 2997 narn
674 2956 723 2995 deus
734 2955 897 2995 coniunctionem
908 2967 966 2995 suam

72 3025 118 3053 cum
139 3017 234 3059 Hebraeis
255 3018 306 3059 inire
326 3031 367 3058 non
387 3031 397 3056 a
416 3018 527 3070 praeceptis
548 3019 572 3058 dc
594 3017 698 3058 sacrifieiis
718 3015 790 3055 dandis
811 3015 889 3067 coepit
905 3016 968 3055 seda

70 3075 126 3127 iege:
148 3080 199 3129 „Ero
216 3080 265 3119 dens
280 3080 353 3127 uester,
375 3091 410 3118 ros
426 3082 493 3120 aretem
509 3079 566 3120 eritis
588 3079 678 3130 populns
694 3079 771 3117 mens“.
803 3077 827 3116 Id
843 3078 874 3117 cst
890 3077 966 3117 funda-

69 3141 165 3179 mentum
187 3142 252 3180 onrnis
273 3140 380 3192 religionis,
403 3140 445 3180 sine
461 3154 500 3191 quo
522 3139 589 3180 omnia
606 3152 663 3179 sacra
680 3138 786 3189 omnisque
803 3138 871 3177 cultus
888 3139 967 3178 nullius
