2218 3388
128 91 172 136 158
422 86 468 123 Pars
481 87 495 123 Ι.
516 86 649 133 Antiquitates
662 97 725 123 sacrae

128 213 225 267 legimus:
242 213 368 263 „Constituit
383 219 450 254 autem
462 214 536 265 Hisliia
549 214 676 254 sacerdotum
686 213 842 263 levitarumque
853 212 925 252 classes
942 212 971 252 ita
982 212 1017 252 de-

127 275 217 326 scriptas,
233 276 258 314 ut
274 274 370 326 cuiusque
387 274 512 315 sacerdotum
529 277 549 314 et
560 275 675 315 Levitarum
691 274 781 315 muneris
796 274 847 313 ratio
863 273 977 324 postulabat
993 273 1018 313 ad

128 335 224 375 sacrificia
243 336 358 375 holocausta
378 338 399 389 et
419 349 455 387 pro
476 336 540 376 salute
556 336 652 382 facienda,
675 336 699 375 ad
715 335 878 383 ministrandum,
900 334 925 374 ad
941 336 1019 375 Jahven

129 396 272 437 celebrandum
289 399 309 437 et
325 396 481 437 collaudandum
501 397 522 435 in
539 398 603 448 portis
619 398 731 437 castrorum
747 396 841 439 Jahvae“.
873 396 935 442 (liram
951 396 1017 435 locum

127 458 145 497 si
161 470 208 497 cum
224 457 295 507 Dt18,
309 463 365 500 5-7
383 457 510 505 conferimus,
527 457 574 498 inde
590 471 631 498 non
647 457 710 509 magis
727 457 819 509 sequitur
835 457 946 507 quemlibet
960 456 1018 496 Levi-

129 521 174 559 tam
189 518 300 559 sacerdotio
317 518 376 571 fungi
386 518 481 569 potuisse,
497 519 531 559 sed
542 519 618 570 Levita,
635 516 677 558 sive
693 519 784 559 sacerdos
800 518 841 559 sive
851 518 945 558 minister
955 529 1019 557 sacer-

128 575 186 627 dotis,
204 578 265 619 habet
280 579 317 618 hoc
332 580 408 620 illudve
424 593 499 620 munus
514 579 655 632 praerogativa
670 579 736 619 tribus
752 579 892 619 constitutum.
922 578 978 619 Idam
995 578 1019 618 de

128 641 156 680 Dt
174 646 229 689 18,1
249 640 308 680 valet.
339 640 370 680 Ibi
387 642 439 681 enim
462 641 512 681 duas
533 642 604 681 classes
625 640 709 681 indicari
730 643 832 692 putamus,
855 640 939 680 alteram
954 651 1018 679 sacer·

128 702 199 741 dotum
212 701 349 742 Leviticorum
366 688 428 757 (Diffi
439 701 509 757 Did-³³),
526 703 611 742 alteram
626 703 738 740 ceterorum
754 701 859 742 tribulium
877 687 911 757 (¹1ss
922 686 1019 755 itatd'ffiss).

128 763 193 809 Quam
209 761 397 814 interpretationem
419 763 530 804 sententiae
553 763 639 803 auctoris
659 775 787 813 nequaquam
803 762 905 805 adversari
917 762 947 809 iis,
969 775 1019 812 quae

128 824 157 863 Dt
169 829 202 872 21,
215 830 233 865 9.
247 828 273 865 14
291 823 406 873 traduntur,
423 825 564 872 confirmatum
581 823 611 863 ibi
627 823 681 862 enim
697 823 809 863 sacerdotes
820 823 910 871 Levitiei,
927 823 1020 873 quicum

129 886 183 925 lllose
200 884 312 924 orationem
328 884 353 923 ad
368 887 467 936 populum
483 885 563 934 habent,
581 888 601 925 et
617 896 666 936 gens
682 884 804 932 Levitaruni,
825 898 876 936 quae
892 897 938 924 curn
953 883 1019 923 tribu-

129 947 168 985 bus
184 944 270 993 Simeon,
291 944 351 993 larda,
372 946 468 995 issachar,
490 946 569 998 loseph,
589 945 696 986 Beniamin
717 948 806 985 montem
823 945 908 985 Gerizim
928 946 1019 996 occupat,

129 1007 182 1046 clare
199 1007 348 1047 discernuntur.
1025 1013 1027 1016 '

191 1092 219 1130 At
234 1104 281 1131 vero
298 1091 362 1131 critici
378 1091 409 1131 illi
425 1091 517 1131 obiciunt
532 1092 576 1131 loco
592 1091 619 1130 Dt
637 1097 693 1138 18,1
712 1105 774 1131 unam
790 1090 937 1143 appositionem
953 1103 1020 1130 corro-

97 1144 98 1147 ¹
129 1152 197 1191 borari
214 1152 348 1203 explicarique
364 1152 437 1200 altera3
453 1166 500 1192 nam
516 1165 561 1192 cum
578 1151 603 1190 ad
619 1150 672 1196 ΕὌΠΞ
683 1151 752 1191 addita
767 1152 794 1192 sit
810 1152 907 1204 appositio
925 1139 987 1197 auli.
1004 1165 1020 1192 s.

129 1212 243 1252 sacerdotes
258 1213 314 1264 iique
330 1226 341 1252 a
356 1213 405 1253 Levi
421 1213 506 1261 oriundi,
522 1215 581 1264 quasi
596 1213 645 1252 haec
661 1226 702 1252 non
718 1212 810 1261 sufficiat,
827 1216 852 1253 ut
867 1212 952 1253 cuilibet
962 1213 1020 1252 Levi-

129 1275 163 1314 tae
179 1273 211 1313 ius
228 1274 335 1313 sacerdotii
352 1273 483 1322 adiudicctnr,
507 1274 592 1325 scriptor
609 1274 691 1313 alteram
703 1274 851 1325 appositionem
867 1262 893 1319 '1¹1
903 1262 983 1321 uqa-ba
995 1274 1020 1313 ad

129 1334 184 1373 illam
202 1334 301 1386 adiungit.

191 1413 264 1454 Contra
279 1426 330 1465 quae
346 1414 394 1453 haec
410 1414 505 1454 dicimus:
527 1415 547 1453 Si
564 1426 619 1453 sacer
635 1414 721 1465 scriptor
736 1414 779 1453 loco
795 1414 856 1453 allato
873 1416 921 1454 satis
938 1414 1019 1454 habuis-

127 1477 162 1514 set
176 1474 218 1514 illis
234 1474 395 1525 appositionibus
411 1476 544 1515 sacerdotium
559 1475 665 1515 universae
680 1474 746 1514 tribui
761 1475 809 1514 Levi
826 1475 932 1527 assignare,
947 1488 1020 1526 propo-

131 1536 194 1574 situm
210 1538 314 1575 assecutus
330 1549 371 1576 non
387 1537 444 1583 esset,
462 1536 521 1587 quod,
544 1537 560 1575 si
577 1536 622 1576 Nelr
640 1542 673 1583 11,
691 1542 717 1578 20
735 1536 849 1582 contuleris,
870 1540 959 1588 apparet,
989 1537 1021 1576 lbi

130 1595 184 1635 enim
200 1596 298 1648 legimus:
322 1596 414 1646 „Reliqui
429 1597 537 1645 Israeliten,
562 1597 680 1644 sacerdotes,
695 1597 777 1637 Levitae
792 1597 814 1635 in
830 1597 923 1637 omnibus
940 1597 1019 1649 oppidis

130 1657 220 1697 Jrrdaeae
241 1669 277 1696 sua
293 1657 368 1708 quique
389 1657 410 1696 in
426 1658 536 1697 hereditate
553 1660 691 1698 manseruut“.
723 1658 761 1698 Hic
777 1657 857 1697 etiamsi
872 1658 940 1697 nullae
956 1658 1020 1709 parti-

131 1718 186 1757 culae
203 1718 341 1758 coniunctivae
353 1720 437 1766 exstant,
454 1720 522 1758 tamen
538 1718 677 1770 exscriptoris
693 1730 733 1758 usu
744 1718 874 1770 perspicuum
890 1720 921 1759 est
936 1719 1020 1759 tertium

130 1778 217 1818 subiecti
233 1779 318 1830 triplicis
330 1780 443 1819 membrum
456 1793 497 1819 non
513 1780 538 1818 ad
554 1779 640 1819 alterum
655 1779 775 1830 praecedens
787 1781 881 1830 spectare,
898 1793 1020 1831 quamquam

99 1851 100 1854 ’
130 1840 184 1892 leges
200 1840 342 1892 grammaticae
365 1840 415 1880 hanc
437 1841 606 1880 constructionem
628 1840 745 1881 admittunt.
777 1840 804 1879 llt
822 1845 854 1887 18,
873 1848 880 1881 1
900 1845 974 1889 autem,
997 1844 1021 1880 ut

129 1913 181 1940 usus
198 1900 302 1951 scriptoris
325 1901 406 1940 aliunde
422 1902 514 1953 cognitus
537 1902 633 1953 postulat,
655 1902 775 1941 vocabulum
792 1888 832 1946 0115
849 1901 979 1953 appositionis
1000 1902 1021 1940 in

130 1961 212 2018 modum
236 1974 281 2001 cum
305 1961 358 2007 fl'ldss'
381 1963 512 2002 coniunctum
534 1964 570 2010 est,
598 1963 633 2002 sed
656 1962 789 2001 demonstrari
811 1975 851 2001 nou
873 1964 939 2013 potest
960 1964 1021 2003 verba

130 2013 249 2067 *111231'2'53
266 2023 287 2062 et
302 2010 356 2067 nutu
366 2022 432 2068 naqa]
448 2037 512 2062 unum
528 2024 623 2073 idemque
639 2022 757 2074 significare.
783 2024 888 2063 Praeterea
904 2023 921 2063 si
936 2024 1021 2074 acaipias

131 2084 311 2123 Deuteronomium
333 2085 397 2124 aetate
418 2085 519 2135 posterius
540 2098 582 2124 esse
603 2098 663 2135 quam
680 2084 827 2135 legislationem
843 2085 985 2124 sacerdotalem
1001 2087 1022 2123 ct

130 2145 187 2184 illius
205 2145 306 2184 auctorem
323 2144 360 2184 sibi
370 2146 506 2197 proposuisse,
523 2147 547 2184 ut
558 2145 664 2186 sacerdotii
675 2145 734 2196 quasi
749 2145 830 2184 ianuam
846 2145 884 2184 toti
900 2145 964 2185 tribui
974 2145 1022 2185 Levi

131 2205 257 2256 patefaceret,
279 2206 349 2245 saltem
367 2207 501 2246 confitendum
523 2208 555 2245 est
570 2206 668 2246 rationem
685 2205 784 2245 scribendi
800 2206 902 2257 proposito
923 2219 964 2245 non
980 2219 1021 2245 esse

131 2269 285 2306 consentaneam
302 2268 322 2305 et
338 2266 489 2317 perspicuitate,
508 2280 547 2318 qua
563 2267 625 2306 medii
641 2267 772 2306 Pentateuchi
788 2266 835 2306 libri
850 2268 959 2318 praestant,
979 2280 1021 2306 om-

131 2328 180 2367 nino
202 2327 322 2367 destitutam
339 2340 388 2375 esse,
409 2341 456 2367 nam
477 2328 562 2368 Judaioa
582 2328 633 2380 legis
650 2328 735 2379 scriptae
754 2328 895 2379 interpretatio
911 2340 1022 2379 numquam

131 2388 162 2428 his
178 2388 300 2440 legislatoris
312 2388 377 2428 verbis
394 2388 501 2428 immutata
517 2391 553 2437 est,
571 2389 629 2439 quasi
645 2389 727 2428 cuilibet
743 2389 786 2428 viro
796 2389 883 2429 Levitico
901 2388 943 2428 sine
960 2392 1020 2429 stem-

130 2449 192 2489 matis
209 2449 322 2489 disoriminc
338 2450 370 2489 ius
387 2449 492 2489 sacerdotii
508 2450 639 2491 adiudicaret.

192 2529 242 2568 Loco
266 2529 292 2568 Dt
311 2535 412 2575 rar-7
436 2528 487 2568 duae
510 2530 583 2569 classes
604 2530 807 2580 comprehenduntur,
832 2529 856 2568 de
878 2528 952 2579 quibus
975 2541 1021 2579 prc-

131 2590 207 2629 miscue
228 2601 293 2628 sermo
309 2591 345 2636 est,
369 2603 410 2628 una
432 2591 557 2630 sacerdotum
574 2589 714 2637 Leviticorum,
739 2592 801 2630 altera
817 2589 933 2629 Levitarum
950 2586 976 2642 (v.
995 2584 1021 2645 1).

131 2650 167 2689 cai
184 2650 310 2690 distinctioni
327 2651 468 2690 convenienter
483 2652 573 2701 primum
589 2651 668 2697 dicitur,
685 2664 783 2702 quaeres
799 2651 826 2690 ad
835 2650 942 2702 vectigalia
958 2662 1022 2689 sacer-

131 2711 214 2751 dotibus
237 2710 305 2750 debita
320 2710 436 2762 pertineant
458 2708 485 2767 (v.
508 2707 581 2768 3—5),
605 2711 676 2752 deinde
696 2712 806 2763 <quemlibet
821 2711 916 2758 Levitam,
939 2712 981 2751 sive
997 2711 1022 2750 ab

131 2774 199 2811 Aaron
216 2772 314 2811 oriundus
330 2772 357 2811 sit
372 2773 413 2813 sive
428 2785 475 2825 non,
492 2772 517 2812 ad
533 2773 605 2820 locum,
622 2786 681 2824 quem
697 2773 761 2813 Jahve
776 2772 864 2824 elegerit,
880 2771 948 2812 venire
963 2783 1020 2823 posse

131 2833 201 2884 ibique
217 2832 292 2873 dolivae
309 2833 389 2873 nomine
405 2834 518 2873 ministrare
534 2836 558 2873 ut
574 2835 649 2873 ceteros
665 2834 736 2874 fratres
749 2833 836 2881 Levitas,
853 2832 894 2872 sive
911 2833 1022 2873 sacerdotes

132 2895 174 2933 sint
191 2894 232 2934 sive
248 2894 376 2935 sacerdotum
391 2894 482 2934 ministri
498 2891 525 2950 (v.
543 2890 597 2949 os).
630 2894 745 2934 illinistrare
766 2895 834 2934 autem
850 2894 930 2934 nomine
946 2893 1022 2933 Jalrvae

131 2968 172 2995 non
189 2956 254 2995 solum
271 2955 397 2995 sacerdotum
413 2957 449 3004 est,
471 2955 505 2995 sed
522 2955 581 2994 etiam
598 2955 713 2996 levitarum
732 2952 752 3010 (1
768 2954 806 2994 chi·
824 2962 856 3003 15,
869 2961 887 2996 2.
909 2955 932 2996 cf,
948 2955 968 2994 H
985 2955 1022 2994 Chr

134 3022 167 3063 31,
181 3022 205 3064 2,
227 3016 263 3054 ubi
282 3018 353 3056 auctor
368 3029 442 3056 munus
460 3015 589 3055 ministra-ndi
605 3017 680 3056 Jahvae
703 3010 838 3056 sacerdotibus
859 3018 879 3056 ct
894 3015 969 3056 Levitis
985 3029 1022 3066 pro

132 3089 168 3116 sua
184 3077 256 3128 cuique
278 3082 334 3129 parte
353 3074 464 3131 attribuit).
495 3077 603 3128 Propterea
619 3090 642 3117 ex
663 3078 723 3117 allato
740 3077 891 3117 Deuteronomii
907 3078 950 3117 loco
971 3077 1022 3117 cifici
1083 3100 1084 3103 =

131 3150 173 3178 non
188 3140 255 3189 potest
271 3138 384 3189 quemlibet
400 3138 491 3179 Levitam
508 3138 619 3178 sacerdotio
635 3138 693 3191 fungi
710 3138 804 3189 potuisse.
