2147 3361
286 99 383 136 Institutio
397 97 531 135 ministrorum
545 108 638 135 sacrorum
653 108 755 143 eorumque
768 95 845 133 ordines
972 99 1014 143 159

180 228 287 267 Praeterea
303 225 334 265 illi
350 225 417 265 critici
433 225 561 264 contendunt
576 225 621 265 iura
636 224 750 276 praecipua,
767 224 842 274 quibus
859 222 924 263 Moses
941 223 968 261 m
980 228 1014 268 33,

119 296 194 336 8⁶10
212 287 290 328 tribum
305 285 416 326 Leviticam
432 288 497 336 ornat,
515 286 647 325 sacerdotalia
663 298 716 334 esse;
737 286 791 324 unde
810 284 888 324 elucere
905 282 1016 334 quemlibet

119 351 213 392 Levitam
229 348 255 388 ad
271 347 393 399 dignitatem
409 345 552 386 sacerdotalem
568 347 669 398 adspirare
685 346 780 397 potuisse.

182 428 212 470 At
227 426 375 478 respiciendum
393 427 423 466 est
439 425 576 478 legislatorem
593 426 715 466 moriturum
735 427 778 466 loco
796 426 857 466 allato
873 425 940 465 tribus
957 424 1015 463 Levi·

120 493 172 533 ticae
188 502 229 529 non
251 501 274 528 eo
297 487 381 528 consilio
401 487 524 527 mentionem
545 486 613 530 facere.
635 488 659 526 at
675 487 809 527 sacerdotium
829 487 923 539 generale
939 485 1016 525 Leviti-

119 566 167 594 cum
184 551 243 597 creet,
260 549 335 589 sedat
351 548 403 588 sicut
419 547 489 589 ceteris
506 547 600 588 tribubus
616 548 645 587 ita
660 548 724 587 tribui
739 548 839 588 Leviticae
855 547 967 587 benedicat.
995 546 1016 586 Si
1050 575 1052 581 .

121 616 186 655 bloses
203 610 314 651 sacerdotes
331 609 456 650 Aaroniticos
480 609 602 661 cogitatione
618 608 814 660 comprehendit-
830 609 851 648 id
867 608 921 660 quod
938 609 1015 648 certum

119 674 289 727 exploratumque
305 672 337 711 est
352 694 381 699 -
397 670 437 710 illis
454 670 521 710 verbis
537 670 569 710 uti
585 669 658 720 potuit,
679 669 752 720 quibus
769 683 791 709 er
809 670 909 709 sententia
925 670 1016 709 virorum

121 735 202 775 illorum
219 732 325 772 doctorum
346 731 479 771 sacerdotium
495 731 602 771 universae
623 730 686 770 tribui
702 730 824 781 impertitur.
856 730 1015 770 Consentaneum

120 796 176 836 enim
192 796 224 834 est
240 792 363 833 sacerdotem
379 805 480 832 summum
501 806 513 831 a
528 792 583 832 Mose
599 804 636 843 pro
653 804 731 831 summo
747 791 814 830 tribus
830 791 930 830 Leviticae
945 791 1016 830 decore

121 854 201 903 lraberi;
224 867 271 893 nam
294 854 389 893 adhunc
409 853 477 905 ipsum
493 854 521 892 Dt
538 858 597 900 33,8
621 864 684 903 aeque
700 853 790 903 spectare
813 851 973 898 0011114110
991 851 1016 890 ad

123 918 207 968 stirpem
218 914 337 954 Davidicam
347 916 451 965 tamquam
466 927 569 954 summum
585 913 652 953 tribus
668 912 722 952 Juda
738 912 851 964 fastigium.
882 913 946 952 Moses
963 911 1016 951 enim

120 977 227 1018 «oraculum
244 976 300 1025 fl'tddl
311 975 364 1013 leltt
380 988 421 1015 non
437 975 501 1027 magis
517 975 623 1015 universae
638 974 702 1014 tribui
715 974 763 1013 Levi
779 973 868 1023 assignat
884 986 944 1024 quam
955 973 1016 1012 Jacob

123 1039 230 1078 universae
250 1036 315 1076 tribui
336 1035 389 1075 duda
408 1036 486 1088 regiam
507 1037 634 1088 potestatem.
665 1034 753 1082 Accedit,
775 1034 830 1085 quod
850 1034 930 1074 etiamsi
946 1034 1017 1082 officia,

121 1112 175 1150 equae
191 1098 218 1137 Dt
235 1104 270 1146 33,
285 1105 310 1139 111
327 1099 478 1144 enumerantur,
496 1097 622 1137 sacerdotum
637 1096 719 1147 propria
735 1108 778 1135 esse
795 1095 927 1143 concedimus,
950 1097 1018 1135 tamen

123 1173 165 1200 non
181 1158 275 1209 sequitur
297 1158 408 1209 quemlibet
423 1157 515 1199 Levitam
537 1156 639 1198 natalibus
662 1156 705 1196 suis
727 1156 780 1195 inter
802 1156 916 1200 sacerdotes
937 1156 1017 1203 referri;

121 1233 171 1261 nam
186 1219 298 1259 Aaronitici
314 1231 395 1270 quoque
416 1219 527 1259 sacerdotes
551 1218 636 1258 eundem
654 1219 755 1257 auctorem
772 1231 831 1268 quem
847 1216 921 1268 reliqui
937 1217 1018 1257 Levitae

123 1281 205 1321 habent.

185 1352 276 1403 Denique
292 1366 315 1392 er
332 1366 360 1400 eo,
377 1353 431 1403 quod
448 1353 469 1392 in
485 1354 537 1393 libro
553 1353 582 1391 Lv
598 1352 710 1392 sacerdotes
727 1351 777 1399 „filii
788 1352 874 1396 Aaron“,
890 1352 912 1390 in
923 1351 949 1390 m
965 1353 986 1390 et
996 1351 1019 1390 in

118 1415 171 1454 'aliis
194 1413 251 1453 libris
274 1413 392 1464 posterioris
408 1414 478 1453 aetatis
495 1413 547 1463 „tilii
563 1413 626 1453 Levi“
642 1414 674 1452 vel
695 1413 820 1461 ,sacerdotes
837 1412 930 1452 Levitae“
946 1425 1018 1453 vocan-

124 1478 165 1524 tur,
182 1474 296 1525 complures
313 1487 388 1522 eorum,
410 1475 445 1525 qui
461 1475 541 1515 scholae
557 1474 638 1514 criticae
654 1474 728 1513 addicti
745 1476 799 1522 sunt,
821 1474 946 1514 concludunt
961 1474 1018 1513 Levi-

123 1539 155 1576 tas
172 1537 243 1586 postea
258 1535 330 1575 munia
346 1535 476 1575 sacerdotalia
493 1536 562 1576 obisse.

187 1608 251 1655 Quam
272 1608 389 1660 opinionem
409 1609 491 1649 omnino
512 1608 632 1649 reiciendum
653 1621 696 1648 esse
717 1621 829 1649 censemus.
864 1607 918 1647 lllud
937 1607 1019 1658 quidem

126 1670 258 1709 concedamus
275 1671 355 1720 oportet
375 1670 484 1710 sacerdotes
505 1670 527 1709 in
543 1671 570 1709 Dt
590 1682 702 1719 numquam
718 1669 783 1717 „filios
799 1671 885 1717 Aaron“,
909 1668 943 1708 scd
959 1669 1018 1708 modo

124 1731 192 1778 „tilios
208 1730 269 1769 Levi“
291 1731 350 1770 modo
371 1731 496 1778 „sacerdotes
517 1731 610 1771 aevitas<
631 1731 734 1782 appellari,
765 1731 793 1770 At
813 1732 893 1770 tantum
916 1730 978 1778 abest,
995 1732 1019 1769 nt

119 1791 157 1831 'liis
174 1791 343 1843 appellationibus
364 1791 477 1831 differentia
497 1792 551 1831 inter
571 1791 650 1831 Levitas
675 1792 695 1830 et
715 1792 828 1832 sacerdotes
849 1793 940 1844 negetur,
963 1793 988 1829 ut
1003 1791 1018 1829 ii

125 1852 165 1903 ipsi
183 1852 232 1891 sacri
250 1852 363 1903 scriptores,
381 1852 416 1902 qui
432 1852 450 1892 01
467 1852 591 1893 differentiae
608 1865 686 1904 semper
701 1852 784 1897 instant,
806 1855 874 1892 tamen
889 1852 915 1891 iis
930 1852 963 1892 uu
977 1864 1019 1892 non

126 1912 223 1952 dubitent
239 1911 284 1966 (Esr
304 1920 335 1962 10,
348 1919 365 1955 5,
387 1913 407 1952 H
423 1914 462 1953 chr
479 1920 497 1961 5,
511 1920 534 1960 53
552 1920 586 1961 23,
600 1918 637 1961 183
656 1920 689 1960 30,
703 1909 746 1964 27).
777 1914 801 1953 ld
822 1927 887 1953 unum
903 1913 926 1952 in
941 1913 1019 1964 discep-

126 1974 204 2014 tatione
221 1976 318 2022 versatur,
339 1987 379 2024 quo
399 1975 458 2014 modo
477 1987 550 2014 nomen
571 1974 710 2022 „sacerdotum
726 1975 856 2014 Levitarum“
878 1974 1019 2025 explicandum

126 2035 158 2074 sit.
190 2035 259 2085 Atque
275 2036 325 2074 sunt
341 2035 377 2085 qui
392 2035 501 2075 nonnullos
518 2048 542 2074 ex
557 2035 633 2074 Levitis
653 2037 719 2075 aetate
735 2036 823 2075 ltosaica
844 2036 868 2075 ad
885 2034 1019 2075 sacerdotium

127 2095 225 2134 admissos
248 2095 332 2145 ideoque
353 2109 375 2136 ec
392 2097 473 2135 nornine
494 2097 606 2147 appellatos
628 2109 670 2136 esse
685 2109 751 2146 neque
767 2098 836 2136 tamen
856 2097 881 2135 ab
897 2096 964 2136 Aaron
980 2097 1020 2135 cri-

127 2155 196 2207 ginem
216 2156 301 2195 traxisse
322 2160 422 2198 censeant.
454 2157 532 2203 auibus
552 2159 622 2197 tamen
639 2157 763 2197 documentis
783 2158 805 2197 id
821 2156 934 2198 confirmari
949 2157 1019 2208 possit,

125 2229 168 2255 non
185 2219 275 2268 alaparct.
307 2218 409 2264 Quantum
426 2218 518 2268 equidem
534 2217 623 2257 iudicare
639 2231 725 2269 possum,
743 2217 850 2258 dicendum
866 2221 897 2258 est
907 2220 951 2269 post
968 2230 1020 2257 mor-

127 2278 169 2315 tem
185 2277 259 2325 Aaron,
277 2291 322 2317 cum
338 2291 413 2318 munus
430 2278 551 2318 sacerdotale
566 2278 607 2318 iam
622 2279 645 2318 in
656 2279 720 2318 varias
731 2279 824 2328 familias,
841 2293 893 2330 qaae
909 2291 978 2318 omnes
995 2280 1019 2317 ab

127 2338 196 2377 Aaron
217 2340 283 2378 ortum
305 2339 411 2386 ducebant,
434 2340 547 2389 transisset,
563 2341 631 2390 potius
648 2341 773 2380 sacerdotum
795 2341 894 2392 originem
910 2340 1020 2379 Leviticam

127 2411 188 2449 quam
206 2399 342 2439 Aaroniticam
359 2399 505 2441 consideratam
521 2413 564 2440 esse
580 2400 617 2448 vel,
634 2402 658 2440 ut
674 2400 720 2440 aliis
736 2402 803 2441 verbis
818 2404 870 2450 utar,
887 2414 961 2441 nomen
976 2412 1019 2449 „sa-

128 2459 231 2499 cerdotum
243 2460 373 2500 Levitarum‘'*
390 2461 444 2500 idem
460 2460 575 2514 significare
591 2465 645 2512 quod
661 2462 773 2502 sacerdotes
790 2462 859 2503 aLevi
876 2462 963 2510 oriundi,
980 2474 1019 2511 quo

127 2519 209 2559 nomine
230 2517 263 2572 (at
280 2533 340 2572 supra
356 2520 453 2577 diximus)
469 2522 484 2562 ii
501 2537 512 2562 a
528 2522 666 2562 sacerdotibus
688 2535 728 2562 non
744 2523 818 2563 Levitis
835 2522 1019 2575 distinguebantur,

128 2580 164 2630 qui
179 2581 234 2632 apud
250 2582 320 2621 altaria
335 2581 414 2633 privata
430 2595 487 2622 sacra
502 2583 602 2623 faciebant
618 2585 639 2622 et
655 2586 708 2622 certe
724 2597 765 2623 non
781 2598 849 2624 omnes
866 2586 923 2624 erant
933 2583 1019 2629 Levitae,

127 2643 153 2679 ut
169 2654 192 2679 en
208 2642 246 2681 Jdc
264 2650 282 2692 6,
301 2649 341 2690 263
359 2649 392 2692 13,
407 2650 447 2697 19„
464 2644 509 2683 aliis
526 2644 665 2695 compluribus
681 2644 729 2685 lacis
745 2647 834 2697 apparet.

190 2721 244 2768 Quae
260 2735 306 2762 cum
327 2722 356 2762 ita
377 2723 424 2771 sint,
446 2723 581 2763 demonstrari
601 2736 643 2763 non
659 2727 725 2776 potest
745 2725 767 2763 in
784 2726 811 2764 Dt
826 2724 892 2763 doceri
909 2723 1020 2773 quemlibet

127 2780 219 2821 Levitam
237 2783 347 2823 sacerdotio
364 2783 422 2835 fungi
439 2796 502 2834 posse.
533 2785 605 2835 Itaque
622 2786 757 2825 sacerdotium
774 2784 920 2831 Aaroniticum,
938 2784 962 2823 de
980 2798 1019 2834 quo

128 2841 150 2879 in
166 2843 239 2882 mediis
255 2844 389 2884 Pentateuchi
405 2844 462 2884 libris
479 2857 544 2884 sermo
561 2848 597 2894 cst,
619 2848 639 2885 et
655 2846 789 2886 sacerdotium
806 2845 922 2892 Leviticum,
940 2845 964 2885 dc
981 2859 1021 2896 quo

128 2900 156 2940 Dt
172 2904 219 2954 agit,
235 2904 289 2944 inter
306 2917 326 2945 se
342 2917 383 2945 non
399 2905 540 2947 adversantur.
567 2907 659 2946 Ceterum
675 2907 743 2959 negari
764 2906 835 2958 nequit
851 2906 872 2945 in
888 2903 915 2944 m
930 2920 972 2947 non
988 2919 1021 2946 so·

129 2961 173 3002 lum
189 2964 330 3018 pontificatum
347 2968 420 3015 Aaron,
438 2967 473 3006 sed
489 2967 551 3007 etiam
568 2967 611 3007 eius
627 2968 798 3008 continuationem
816 2966 914 3007 divinitus
930 2969 1022 3007 sanctam

129 3021 204 3064 diserte
220 3026 313 3077 agnosci3
335 3041 382 3066 nam
399 3028 425 3066 Dt
444 3036 476 3075 10,
492 3025 518 3070 eb
534 3027 616 3067 Eleazar
636 3029 658 3068 in
673 3030 736 3080 patris
753 3028 843 3068 rieluncti
859 3028 925 3067 locum
942 3041 1022 3069 succes-

130 3084 181 3123 sisse
197 3090 296 3127 narratur.
328 3088 377 3127 Eius
395 3089 526 3129 successionis
547 3090 650 3129 mentione
671 3102 713 3129 non
733 3091 764 3129 est
784 3089 874 3136 dubium,
896 3089 947 3140 quin
967 3090 1022 3130 indi·

129 3145 187 3184 cetur
203 3147 255 3187 illud
275 3161 350 3188 munus
371 3150 451 3189 muneri
471 3151 597 3201 reliquorum
614 3151 740 3190 sacerdotum
756 3149 892 3190 Leviticorum
912 3152 1021 3202 praestare.
