<?xml version="1.0" encoding="UTF-8"?>
<!DOCTYPE html PUBLIC "-//W3C//DTD XHTML 1.0 Transitional//EN"
    "http://www.w3.org/TR/xhtml1/DTD/xhtml1-transitional.dtd">
<html xmlns="http://www.w3.org/1999/xhtml" xml:lang="en" lang="en">
 <head>
  <title>
</title>
<meta http-equiv="Content-Type" content="text/html;charset=utf-8" />
  <meta name='ocr-system' content='tesseract 3.04.00' />
  <meta name='ocr-capabilities' content='ocr_page ocr_carea ocr_par ocr_line ocrx_word'/>
</head>
<body>
  <div class='ocr_page' id='page_1' title='image "./MN42078ucmf_3_0436.png"; bbox 0 0 2165 3388; ppageno 0'>
   <div class='ocr_carea' id='block_1_1' title="bbox 388 78 696 127">
    <p class='ocr_par' dir='ltr' id='par_1_1' title="bbox 388 78 696 127">
     <span class='ocr_line' id='line_1_1' title="bbox 388 78 696 127; baseline 0.016 -13"><span class='ocrx_word' id='word_1_1' title='bbox 388 78 434 115; x_wconf 86' lang='lat' dir='ltr'>Pars</span> <span class='ocrx_word' id='word_1_2' title='bbox 447 79 461 116; x_wconf 84' lang='lat' dir='ltr'>l.</span> <span class='ocrx_word' id='word_1_3' title='bbox 483 80 616 127; x_wconf 81' lang='lat' dir='ltr'>Antiquitates</span> <span class='ocrx_word' id='word_1_4' title='bbox 632 93 696 119; x_wconf 84' lang='lat' dir='ltr'>sacrae</span> 
     </span>
    </p>
   </div>
   <div class='ocr_carea' id='block_1_2' title="bbox 423 210 722 286">
    <p class='ocr_par' dir='ltr' id='par_1_2' title="bbox 423 210 722 286">
     <span class='ocr_line' id='line_1_2' title="bbox 423 210 722 286; baseline 0.013 -13"><span class='ocrx_word' id='word_1_5' title='bbox 423 210 426 215; x_wconf 40' lang='lat'>⁵</span> <span class='ocrx_word' id='word_1_6' title='bbox 445 212 522 286; x_wconf 74' lang='lat' dir='ltr'>Caput</span> <span class='ocrx_word' id='word_1_7' title='bbox 538 231 634 276; x_wconf 86' lang='lat' dir='ltr'>sextum</span> <span class='ocrx_word' id='word_1_8' title='bbox 720 218 722 221; x_wconf 45' lang='grc'><strong>”</strong></span> 
     </span>
    </p>
   </div>
   <div class='ocr_carea' id='block_1_3' title="bbox 256 354 829 416">
    <p class='ocr_par' dir='ltr' id='par_1_3' title="bbox 256 354 829 416">
     <span class='ocr_line' id='line_1_3' title="bbox 256 354 829 416; baseline 0.009 -16"><span class='ocrx_word' id='word_1_9' title='bbox 256 356 297 402; x_wconf 84' lang='grc'>1)1</span> <span class='ocrx_word' id='word_1_10' title='bbox 316 354 457 411; x_wconf 71' lang='lat' dir='ltr'>primitiia</span> <span class='ocrx_word' id='word_1_11' title='bbox 476 357 682 416; x_wconf 84' lang='lat' dir='ltr'>primogenitis,</span> <span class='ocrx_word' id='word_1_12' title='bbox 703 359 829 406; x_wconf 80' lang='lat' dir='ltr'><strong>decumis</strong></span> 
     </span>
    </p>
   </div>
   <div class='ocr_carea' id='block_1_4' title="bbox 93 508 990 934">
    <p class='ocr_par' dir='ltr' id='par_1_4' title="bbox 93 508 990 934">
     <span class='ocr_line' id='line_1_4' title="bbox 154 508 988 567; baseline 0.002 -14"><span class='ocrx_word' id='word_1_13' title='bbox 154 508 184 553; x_wconf 86' lang='lat' dir='ltr'>Ut</span> <span class='ocrx_word' id='word_1_14' title='bbox 202 510 303 566; x_wconf 89' lang='lat' dir='ltr'>perpetua</span> <span class='ocrx_word' id='word_1_15' title='bbox 318 508 422 551; x_wconf 88' lang='lat' dir='ltr'>memoria</span> <span class='ocrx_word' id='word_1_16' title='bbox 443 512 604 554; x_wconf 87' lang='lat' dir='ltr'>conservaretur</span> <span class='ocrx_word' id='word_1_17' title='bbox 620 510 706 555; x_wconf 80' lang='lat' dir='ltr'>Jabven</span> <span class='ocrx_word' id='word_1_18' title='bbox 727 511 798 567; x_wconf 90' lang='lat' dir='ltr'>ipsum</span> <span class='ocrx_word' id='word_1_19' title='bbox 818 513 886 555; x_wconf 89' lang='lat' dir='ltr'>terrae</span> <span class='ocrx_word' id='word_1_20' title='bbox 903 511 988 556; x_wconf 83' lang='lat' dir='ltr'>Canaan</span> 
     </span>
     <span class='ocr_line' id='line_1_5' title="bbox 94 582 990 637; baseline 0.004 -12"><span class='ocrx_word' id='word_1_21' title='bbox 94 582 206 625; x_wconf 86' lang='lat' dir='ltr'>dominum</span> <span class='ocrx_word' id='word_1_22' title='bbox 221 583 243 625; x_wconf 88' lang='lat' dir='ltr'>et</span> <span class='ocrx_word' id='word_1_23' title='bbox 257 596 405 637; x_wconf 80' lang='lat' dir='ltr'>possessorem,</span> <span class='ocrx_word' id='word_1_24' title='bbox 416 582 524 627; x_wconf 83' lang='lat' dir='ltr'>Hebraeos</span> <span class='ocrx_word' id='word_1_25' title='bbox 540 585 693 628; x_wconf 89' lang='lat' dir='ltr'>tantummodo</span> <span class='ocrx_word' id='word_1_26' title='bbox 710 584 803 628; x_wconf 89' lang='lat' dir='ltr'>advenas</span> <span class='ocrx_word' id='word_1_27' title='bbox 814 587 836 628; x_wconf 93' lang='lat' dir='ltr'>et</span> <span class='ocrx_word' id='word_1_28' title='bbox 847 585 934 628; x_wconf 86' lang='lat' dir='ltr'>colonos</span> <span class='ocrx_word' id='word_1_29' title='bbox 945 599 990 629; x_wconf 88' lang='lat' dir='ltr'>esse</span> 
     </span>
     <span class='ocr_line' id='line_1_6' title="bbox 94 651 989 716; baseline 0.002 -18"><span class='ocrx_word' id='word_1_30' title='bbox 94 655 133 715; x_wconf 83' lang='lat' dir='ltr'>(Lv</span> <span class='ocrx_word' id='word_1_31' title='bbox 150 659 185 707; x_wconf 78' lang='grc'>25,</span> <span class='ocrx_word' id='word_1_32' title='bbox 201 655 245 713; x_wconf 79' lang='grc'>23),</span> <span class='ocrx_word' id='word_1_33' title='bbox 261 653 331 698; x_wconf 84' lang='lat' dir='ltr'>Moses</span> <span class='ocrx_word' id='word_1_34' title='bbox 346 656 458 712; x_wconf 88' lang='lat' dir='ltr'>praecepit,</span> <span class='ocrx_word' id='word_1_35' title='bbox 474 659 500 701; x_wconf 89' lang='lat' dir='ltr'>ut</span> <span class='ocrx_word' id='word_1_36' title='bbox 514 657 623 713; x_wconf 86' lang='lat' dir='ltr'>primitiae</span> <span class='ocrx_word' id='word_1_37' title='bbox 638 656 733 715; x_wconf 81' lang='lat' dir='ltr'>frugum,</span> <span class='ocrx_word' id='word_1_38' title='bbox 749 651 896 716; x_wconf 85' lang='lat' dir='ltr'>primogenita</span> <span class='ocrx_word' id='word_1_39' title='bbox 918 656 989 701; x_wconf 87' lang='lat' dir='ltr'>horni-</span> 
     </span>
     <span class='ocr_line' id='line_1_7' title="bbox 94 727 989 787; baseline 0.003 -16"><span class='ocrx_word' id='word_1_40' title='bbox 94 743 147 772; x_wconf 87' lang='lat' dir='ltr'>num</span> <span class='ocrx_word' id='word_1_41' title='bbox 167 729 188 771; x_wconf 87' lang='lat' dir='ltr'>et</span> <span class='ocrx_word' id='word_1_42' title='bbox 208 741 315 784; x_wconf 89' lang='lat' dir='ltr'>pecorum,</span> <span class='ocrx_word' id='word_1_43' title='bbox 331 727 432 771; x_wconf 75' lang='lat' dir='ltr'>decumae</span> <span class='ocrx_word' id='word_1_44' title='bbox 452 729 491 772; x_wconf 88' lang='lat' dir='ltr'>deo</span> <span class='ocrx_word' id='word_1_45' title='bbox 512 729 559 787; x_wconf 90' lang='lat' dir='ltr'>regi</span> <span class='ocrx_word' id='word_1_46' title='bbox 579 743 652 773; x_wconf 87' lang='lat' dir='ltr'>sacrae</span> <span class='ocrx_word' id='word_1_47' title='bbox 673 731 750 787; x_wconf 79' lang='lat' dir='ltr'>essent,</span> <span class='ocrx_word' id='word_1_48' title='bbox 767 745 822 787; x_wconf 91' lang='lat' dir='ltr'>quae</span> <span class='ocrx_word' id='word_1_49' title='bbox 843 731 917 775; x_wconf 89' lang='lat' dir='ltr'>omnia</span> <span class='ocrx_word' id='word_1_50' title='bbox 939 731 989 774; x_wconf 93' lang='lat' dir='ltr'>dein</span> 
     </span>
     <span class='ocr_line' id='line_1_8' title="bbox 94 793 990 862; baseline 0.003 -17"><span class='ocrx_word' id='word_1_51' title='bbox 94 801 163 845; x_wconf 79' lang='lat' dir='ltr'>Jahve</span> <span class='ocrx_word' id='word_1_52' title='bbox 180 800 246 845; x_wconf 89' lang='lat' dir='ltr'>tribui</span> <span class='ocrx_word' id='word_1_53' title='bbox 256 801 307 845; x_wconf 88' lang='lat' dir='ltr'>Levi</span> <span class='ocrx_word' id='word_1_54' title='bbox 317 801 344 844; x_wconf 92' lang='lat' dir='ltr'>ad</span> <span class='ocrx_word' id='word_1_55' title='bbox 355 802 533 845; x_wconf 73' lang='lat' dir='ltr'>sustentationem</span> <span class='ocrx_word' id='word_1_56' title='bbox 545 802 608 862; x_wconf 59' lang='grc'>(1151),</span> <span class='ocrx_word' id='word_1_57' title='bbox 621 793 664 854; x_wconf 55' lang='lat' dir='ltr'>aba</span> <span class='ocrx_word' id='word_1_58' title='bbox 674 804 698 846; x_wconf 74' lang='lat' dir='ltr'>aa</span> <span class='ocrx_word' id='word_1_59' title='bbox 710 805 901 861; x_wconf 78' lang='lat' dir='ltr'>compensationem</span> <span class='ocrx_word' id='word_1_60' title='bbox 913 818 990 861; x_wconf 80' lang='lat' dir='ltr'>operae</span> 
     </span>
     <span class='ocr_line' id='line_1_9' title="bbox 93 874 610 934; baseline 0.008 -17"><span class='ocrx_word' id='word_1_61' title='bbox 93 874 138 918; x_wconf 88' lang='lat' dir='ltr'>sive</span> <span class='ocrx_word' id='word_1_62' title='bbox 153 875 265 918; x_wconf 78' lang='lat' dir='ltr'>raiaistcrii</span> <span class='ocrx_word' id='word_1_63' title='bbox 281 874 324 918; x_wconf 83' lang='lat' dir='ltr'>Nm</span> <span class='ocrx_word' id='word_1_64' title='bbox 342 878 376 933; x_wconf 87' lang='lat'>18,</span> <span class='ocrx_word' id='word_1_65' title='bbox 393 879 428 922; x_wconf 92' lang='grc'>21.</span> <span class='ocrx_word' id='word_1_66' title='bbox 445 874 483 934; x_wconf 86' lang='lat'>31)</span> <span class='ocrx_word' id='word_1_67' title='bbox 500 875 610 922; x_wconf 77' lang='lat' dir='ltr'>concessit.</span> 
     </span>
    </p>
   </div>
   <div class='ocr_carea' id='block_1_5' title="bbox 92 1008 990 3188">
    <p class='ocr_par' dir='ltr' id='par_1_5' title="bbox 93 1008 990 1582">
     <span class='ocr_line' id='line_1_10' title="bbox 153 1008 990 1072; baseline -0.002 -17"><span class='ocrx_word' id='word_1_68' title='bbox 153 1010 175 1057; x_wconf 86' lang='grc' dir='ltr'>Ι.</span> <span class='ocrx_word' id='word_1_69' title='bbox 192 1009 209 1052; x_wconf 89' lang='lat' dir='ltr'>P</span> <span class='ocrx_word' id='word_1_70' title='bbox 214 1008 354 1053; x_wconf 86' lang='lat' dir='ltr'>rimitiae1</span> <span class='ocrx_word' id='word_1_71' title='bbox 372 1009 468 1052; x_wconf 90' lang='lat' dir='ltr'>omnium</span> <span class='ocrx_word' id='word_1_72' title='bbox 484 1009 573 1067; x_wconf 81' lang='lat' dir='ltr'>frugum</span> <span class='ocrx_word' id='word_1_73' title='bbox 589 1013 658 1053; x_wconf 88' lang='lat' dir='ltr'>terrae</span> <span class='ocrx_word' id='word_1_74' title='bbox 674 1009 757 1055; x_wconf 80' lang='lat' dir='ltr'>Jalnvae</span> <span class='ocrx_word' id='word_1_75' title='bbox 778 1025 848 1054; x_wconf 88' lang='lat' dir='ltr'>sacrae</span> <span class='ocrx_word' id='word_1_76' title='bbox 871 1013 932 1054; x_wconf 89' lang='lat' dir='ltr'>erant</span> <span class='ocrx_word' id='word_1_77' title='bbox 948 1011 990 1072; x_wconf 79' lang='lat' dir='ltr'>(Ex</span> 
     </span>
     <span class='ocr_line' id='line_1_11' title="bbox 93 1080 989 1138; baseline 0.001 -9"><span class='ocrx_word' id='word_1_78' title='bbox 93 1086 131 1134; x_wconf 85' lang='grc'>23,</span> <span class='ocrx_word' id='word_1_79' title='bbox 148 1086 186 1133; x_wconf 76' lang='lat'>193</span> <span class='ocrx_word' id='word_1_80' title='bbox 203 1080 350 1134; x_wconf 71' lang='grc'>31111111</span> <span class='ocrx_word' id='word_1_81' title='bbox 367 1085 402 1138; x_wconf 83' lang='lat'>18,</span> <span class='ocrx_word' id='word_1_82' title='bbox 420 1086 447 1129; x_wconf 88' lang='grc'>12</span> <span class='ocrx_word' id='word_1_83' title='bbox 459 1097 474 1129; x_wconf 87' lang='lat' dir='ltr'>s.</span> <span class='ocrx_word' id='word_1_84' title='bbox 491 1081 572 1134; x_wconf 78' lang='grc'>11126,</span> <span class='ocrx_word' id='word_1_85' title='bbox 591 1081 722 1135; x_wconf 72' lang='grc'>1111141,</span> <span class='ocrx_word' id='word_1_86' title='bbox 739 1087 774 1131; x_wconf 86' lang='grc'>30,</span> <span class='ocrx_word' id='word_1_87' title='bbox 791 1083 847 1128; x_wconf 86' lang='lat' dir='ltr'>Prov</span> <span class='ocrx_word' id='word_1_88' title='bbox 863 1088 883 1135; x_wconf 72' lang='lat'>3,</span> <span class='ocrx_word' id='word_1_89' title='bbox 900 1087 920 1131; x_wconf 82' lang='lat'>9.</span> <span class='ocrx_word' id='word_1_90' title='bbox 944 1082 989 1127; x_wconf 75' lang='lat' dir='ltr'>dos.</span> 
     </span>
     <span class='ocr_line' id='line_1_12' title="bbox 96 1154 990 1214; baseline 0.002 -16"><span class='ocrx_word' id='word_1_91' title='bbox 96 1155 135 1199; x_wconf 77' lang='grc' dir='ltr'>Α]</span> <span class='ocrx_word' id='word_1_92' title='bbox 145 1160 165 1208; x_wconf 88' lang='grc'>4,</span> <span class='ocrx_word' id='word_1_93' title='bbox 176 1159 196 1202; x_wconf 88' lang='lat'>4.</span> <span class='ocrx_word' id='word_1_94' title='bbox 208 1157 231 1213; x_wconf 99' lang='lat'>4)</span> <span class='ocrx_word' id='word_1_95' title='bbox 247 1154 311 1211; x_wconf 90' lang='lat' dir='ltr'>idque</span> <span class='ocrx_word' id='word_1_96' title='bbox 326 1155 439 1211; x_wconf 80' lang='lat' dir='ltr'>praecipue</span> <span class='ocrx_word' id='word_1_97' title='bbox 454 1158 479 1199; x_wconf 93' lang='lat' dir='ltr'>ut</span> <span class='ocrx_word' id='word_1_98' title='bbox 495 1156 535 1199; x_wconf 93' lang='lat' dir='ltr'>deo</span> <span class='ocrx_word' id='word_1_99' title='bbox 552 1155 623 1213; x_wconf 84' lang='lat' dir='ltr'>gratia</span> <span class='ocrx_word' id='word_1_100' title='bbox 638 1155 759 1208; x_wconf 85' lang='lat' dir='ltr'>referretur,</span> <span class='ocrx_word' id='word_1_101' title='bbox 776 1156 834 1214; x_wconf 86' lang='lat' dir='ltr'>quod</span> <span class='ocrx_word' id='word_1_102' title='bbox 850 1158 937 1214; x_wconf 80' lang='lat' dir='ltr'>gentem</span> <span class='ocrx_word' id='word_1_103' title='bbox 947 1172 990 1200; x_wconf 90' lang='lat' dir='ltr'>ser-</span> 
     </span>
     <span class='ocr_line' id='line_1_13' title="bbox 93 1228 990 1286; baseline 0 -13"><span class='ocrx_word' id='word_1_104' title='bbox 93 1228 165 1273; x_wconf 87' lang='lat' dir='ltr'>vitute</span> <span class='ocrx_word' id='word_1_105' title='bbox 180 1228 335 1286; x_wconf 84' lang='lat' dir='ltr'>Aegyptiorum</span> <span class='ocrx_word' id='word_1_106' title='bbox 351 1228 454 1273; x_wconf 83' lang='lat' dir='ltr'>afflictam</span> <span class='ocrx_word' id='word_1_107' title='bbox 469 1229 494 1272; x_wconf 89' lang='lat' dir='ltr'>in</span> <span class='ocrx_word' id='word_1_108' title='bbox 511 1228 606 1282; x_wconf 76' lang='lat' dir='ltr'>Canaan,</span> <span class='ocrx_word' id='word_1_109' title='bbox 621 1232 702 1273; x_wconf 88' lang='lat' dir='ltr'>terram</span> <span class='ocrx_word' id='word_1_110' title='bbox 717 1229 877 1283; x_wconf 82' lang='lat' dir='ltr'>fertilissimam,</span> <span class='ocrx_word' id='word_1_111' title='bbox 894 1229 990 1273; x_wconf 83' lang='lat' dir='ltr'>duxisset</span> 
     </span>
     <span class='ocr_line' id='line_1_14' title="bbox 94 1301 989 1361; baseline 0.001 -17"><span class='ocrx_word' id='word_1_112' title='bbox 94 1316 183 1359; x_wconf 87' lang='lat' dir='ltr'>eamque</span> <span class='ocrx_word' id='word_1_113' title='bbox 199 1301 259 1360; x_wconf 88' lang='lat' dir='ltr'>genti</span> <span class='ocrx_word' id='word_1_114' title='bbox 274 1301 396 1346; x_wconf 81' lang='lat' dir='ltr'>tradidisset</span> <span class='ocrx_word' id='word_1_115' title='bbox 411 1302 448 1361; x_wconf 80' lang='lat' dir='ltr'>(Db</span> <span class='ocrx_word' id='word_1_116' title='bbox 460 1306 495 1354; x_wconf 89' lang='grc'>26,</span> <span class='ocrx_word' id='word_1_117' title='bbox 506 1303 598 1361; x_wconf 80' lang='lat'>5—11).</span> <span class='ocrx_word' id='word_1_118' title='bbox 620 1302 654 1345; x_wconf 84' lang='lat' dir='ltr'>Ad</span> <span class='ocrx_word' id='word_1_119' title='bbox 665 1302 771 1360; x_wconf 83' lang='lat' dir='ltr'>primitias</span> <span class='ocrx_word' id='word_1_120' title='bbox 786 1302 909 1359; x_wconf 83' lang='lat' dir='ltr'>pertinebat</span> <span class='ocrx_word' id='word_1_121' title='bbox 924 1303 989 1346; x_wconf 90' lang='lat' dir='ltr'>etiam</span> 
     </span>
     <span class='ocr_line' id='line_1_15' title="bbox 95 1374 989 1437; baseline 0.002 -20"><span class='ocrx_word' id='word_1_122' title='bbox 95 1390 145 1431; x_wconf 89' lang='lat' dir='ltr'>pars</span> <span class='ocrx_word' id='word_1_123' title='bbox 161 1375 265 1433; x_wconf 86' lang='lat' dir='ltr'>quaedam</span> <span class='ocrx_word' id='word_1_124' title='bbox 280 1374 342 1418; x_wconf 91' lang='lat' dir='ltr'>lanae</span> <span class='ocrx_word' id='word_1_125' title='bbox 358 1375 431 1419; x_wconf 90' lang='lat' dir='ltr'>ovium</span> <span class='ocrx_word' id='word_1_126' title='bbox 447 1376 560 1437; x_wconf 86' lang='lat' dir='ltr'>tonsarum</span> <span class='ocrx_word' id='word_1_127' title='bbox 581 1375 621 1435; x_wconf 80' lang='lat' dir='ltr'>(Dt</span> <span class='ocrx_word' id='word_1_128' title='bbox 637 1379 672 1428; x_wconf 84' lang='lat'>18,</span> <span class='ocrx_word' id='word_1_129' title='bbox 688 1379 709 1423; x_wconf 88' lang='lat'>4.</span> <span class='ocrx_word' id='word_1_130' title='bbox 725 1375 770 1422; x_wconf 84' lang='lat' dir='ltr'>Jos.</span> <span class='ocrx_word' id='word_1_131' title='bbox 786 1375 799 1421; x_wconf 88' lang='grc'>1,</span> <span class='ocrx_word' id='word_1_132' title='bbox 817 1376 842 1436; x_wconf 87' lang='lat' dir='ltr'>c.)</span> <span class='ocrx_word' id='word_1_133' title='bbox 864 1378 928 1432; x_wconf 88' lang='lat' dir='ltr'>atque</span> <span class='ocrx_word' id='word_1_134' title='bbox 946 1376 989 1419; x_wconf 87' lang='lat' dir='ltr'>fer-</span> 
     </span>
     <span class='ocr_line' id='line_1_16' title="bbox 93 1447 990 1508; baseline -0.004 -13"><span class='ocrx_word' id='word_1_135' title='bbox 93 1450 192 1495; x_wconf 81' lang='lat' dir='ltr'>mentum</span> <span class='ocrx_word' id='word_1_136' title='bbox 208 1451 230 1491; x_wconf 91' lang='lat' dir='ltr'>et</span> <span class='ocrx_word' id='word_1_137' title='bbox 244 1447 287 1492; x_wconf 89' lang='lat' dir='ltr'>mel</span> <span class='ocrx_word' id='word_1_138' title='bbox 303 1448 342 1508; x_wconf 76' lang='grc'>(1111</span> <span class='ocrx_word' id='word_1_139' title='bbox 358 1452 378 1501; x_wconf 92' lang='grc'>2,</span> <span class='ocrx_word' id='word_1_140' title='bbox 396 1453 423 1496; x_wconf 91' lang='grc'>11</span> <span class='ocrx_word' id='word_1_141' title='bbox 434 1463 450 1491; x_wconf 89' lang='lat' dir='ltr'>s.</span> <span class='ocrx_word' id='word_1_142' title='bbox 466 1447 489 1491; x_wconf 88' lang='grc'>11</span> <span class='ocrx_word' id='word_1_143' title='bbox 506 1447 549 1491; x_wconf 75' lang='lat' dir='ltr'>Chr</span> <span class='ocrx_word' id='word_1_144' title='bbox 565 1452 602 1500; x_wconf 85' lang='lat'>31,</span> <span class='ocrx_word' id='word_1_145' title='bbox 618 1451 664 1505; x_wconf 80' lang='lat'>5)2.</span> <span class='ocrx_word' id='word_1_146' title='bbox 695 1448 751 1492; x_wconf 85' lang='lat' dir='ltr'>Item</span> <span class='ocrx_word' id='word_1_147' title='bbox 767 1463 793 1491; x_wconf 80' lang='lat' dir='ltr'>ex</span> <span class='ocrx_word' id='word_1_148' title='bbox 808 1447 879 1492; x_wconf 86' lang='lat' dir='ltr'>farina</span> <span class='ocrx_word' id='word_1_149' title='bbox 895 1452 950 1506; x_wconf 77' lang='lat' dir='ltr'>aqua</span> <span class='ocrx_word' id='word_1_150' title='bbox 965 1448 990 1492; x_wconf 89' lang='lat' dir='ltr'>in</span> 
     </span>
     <span class='ocr_line' id='line_1_17' title="bbox 95 1520 989 1582; baseline 0 -18"><span class='ocrx_word' id='word_1_151' title='bbox 95 1536 187 1570; x_wconf 86' lang='lat' dir='ltr'>massam</span> <span class='ocrx_word' id='word_1_152' title='bbox 202 1521 355 1565; x_wconf 88' lang='lat' dir='ltr'>transformata</span> <span class='ocrx_word' id='word_1_153' title='bbox 370 1521 470 1578; x_wconf 88' lang='lat' dir='ltr'>placenta</span> <span class='ocrx_word' id='word_1_154' title='bbox 485 1523 531 1564; x_wconf 91' lang='lat' dir='ltr'>erat</span> <span class='ocrx_word' id='word_1_155' title='bbox 547 1520 619 1564; x_wconf 88' lang='lat' dir='ltr'>danda</span> <span class='ocrx_word' id='word_1_156' title='bbox 636 1520 689 1580; x_wconf 85' lang='lat' dir='ltr'>(Nm</span> <span class='ocrx_word' id='word_1_157' title='bbox 702 1524 736 1573; x_wconf 77' lang='lat'>15,</span> <span class='ocrx_word' id='word_1_158' title='bbox 748 1526 844 1570; x_wconf 77' lang='grc'>11-21-</span> <span class='ocrx_word' id='word_1_159' title='bbox 859 1524 904 1568; x_wconf 82' lang='lat' dir='ltr'>Jos.</span> <span class='ocrx_word' id='word_1_160' title='bbox 915 1523 929 1565; x_wconf 92' lang='lat' dir='ltr'>l.</span> <span class='ocrx_word' id='word_1_161' title='bbox 941 1523 966 1582; x_wconf 86' lang='lat' dir='ltr'>o.)</span> <span class='ocrx_word' id='word_1_162' title='bbox 975 1526 989 1568; x_wconf 79' lang='lat'>³.</span> 
     </span>
    </p>

    <p class='ocr_par' dir='ltr' id='par_1_6' title="bbox 92 1593 989 2386">
     <span class='ocr_line' id='line_1_18' title="bbox 155 1593 989 1653; baseline 0.001 -16"><span class='ocrx_word' id='word_1_163' title='bbox 155 1593 265 1638; x_wconf 88' lang='lat' dir='ltr'>Primitiae</span> <span class='ocrx_word' id='word_1_164' title='bbox 281 1596 352 1638; x_wconf 91' lang='lat' dir='ltr'>autem</span> <span class='ocrx_word' id='word_1_165' title='bbox 367 1609 414 1638; x_wconf 92' lang='lat' dir='ltr'>non</span> <span class='ocrx_word' id='word_1_166' title='bbox 429 1594 582 1653; x_wconf 81' lang='lat' dir='ltr'>offerebantur,</span> <span class='ocrx_word' id='word_1_167' title='bbox 601 1594 637 1637; x_wconf 89' lang='lat' dir='ltr'>sed</span> <span class='ocrx_word' id='word_1_168' title='bbox 654 1597 712 1638; x_wconf 91' lang='lat' dir='ltr'>certo</span> <span class='ocrx_word' id='word_1_169' title='bbox 728 1594 772 1638; x_wconf 87' lang='lat' dir='ltr'>ritu</span> <span class='ocrx_word' id='word_1_170' title='bbox 788 1594 934 1639; x_wconf 89' lang='lat' dir='ltr'>sacerdotibus</span> <span class='ocrx_word' id='word_1_171' title='bbox 945 1597 989 1639; x_wconf 88' lang='lat' dir='ltr'>tra-</span> 
     </span>
     <span class='ocr_line' id='line_1_19' title="bbox 93 1666 989 1728; baseline 0.007 -18"><span class='ocrx_word' id='word_1_172' title='bbox 93 1667 200 1718; x_wconf 88' lang='lat' dir='ltr'>debantur</span> <span class='ocrx_word' id='word_1_173' title='bbox 220 1666 272 1727; x_wconf 81' lang='lat' dir='ltr'>(Nm</span> <span class='ocrx_word' id='word_1_174' title='bbox 289 1671 322 1719; x_wconf 82' lang='grc'>18,</span> <span class='ocrx_word' id='word_1_175' title='bbox 340 1671 368 1715; x_wconf 89' lang='grc'>12</span> <span class='ocrx_word' id='word_1_176' title='bbox 379 1683 394 1710; x_wconf 80' lang='lat' dir='ltr'>S·</span> <span class='ocrx_word' id='word_1_177' title='bbox 411 1667 441 1710; x_wconf 71' lang='lat' dir='ltr'>Db</span> <span class='ocrx_word' id='word_1_178' title='bbox 457 1671 491 1718; x_wconf 88' lang='grc'>18,</span> <span class='ocrx_word' id='word_1_179' title='bbox 508 1666 554 1727; x_wconf 59' lang='grc' dir='ltr'>4ζ8;</span> <span class='ocrx_word' id='word_1_180' title='bbox 576 1672 612 1728; x_wconf 86' lang='grc'>26,</span> <span class='ocrx_word' id='word_1_181' title='bbox 629 1671 711 1715; x_wconf 87' lang='grc'>2-11.</span> <span class='ocrx_word' id='word_1_182' title='bbox 731 1666 761 1709; x_wconf 71' lang='grc' dir='ltr'>ΕΖ</span> <span class='ocrx_word' id='word_1_183' title='bbox 779 1671 815 1719; x_wconf 81' lang='grc'>40,</span> <span class='ocrx_word' id='word_1_184' title='bbox 837 1672 871 1715; x_wconf 82' lang='grc'>30.</span> <span class='ocrx_word' id='word_1_185' title='bbox 889 1667 937 1711; x_wconf 82' lang='grc'>11111</span> <span class='ocrx_word' id='word_1_186' title='bbox 954 1672 989 1726; x_wconf 89' lang='grc'>10,</span> 
     </span>
     <span class='ocr_line' id='line_1_20' title="bbox 92 1739 989 1801; baseline 0 -17"><span class='ocrx_word' id='word_1_187' title='bbox 92 1741 138 1801; x_wconf 81' lang='lat'>38).</span> <span class='ocrx_word' id='word_1_188' title='bbox 160 1740 251 1784; x_wconf 87' lang='lat' dir='ltr'>Hebraei</span> <span class='ocrx_word' id='word_1_189' title='bbox 266 1741 342 1800; x_wconf 86' lang='lat' dir='ltr'>procul</span> <span class='ocrx_word' id='word_1_190' title='bbox 357 1740 384 1783; x_wconf 89' lang='lat' dir='ltr'>ab</span> <span class='ocrx_word' id='word_1_191' title='bbox 395 1739 550 1796; x_wconf 79' lang='lat' dir='ltr'>Hierosolymis</span> <span class='ocrx_word' id='word_1_192' title='bbox 566 1739 690 1784; x_wconf 85' lang='lat' dir='ltr'>habitantes</span> <span class='ocrx_word' id='word_1_193' title='bbox 705 1743 766 1797; x_wconf 87' lang='lat' dir='ltr'>parte</span> <span class='ocrx_word' id='word_1_194' title='bbox 781 1740 928 1797; x_wconf 88' lang='lat' dir='ltr'>primitiarum</span> <span class='ocrx_word' id='word_1_195' title='bbox 942 1756 989 1784; x_wconf 91' lang='lat' dir='ltr'>om-</span> 
     </span>
     <span class='ocr_line' id='line_1_21' title="bbox 94 1812 989 1872; baseline 0.001 -15"><span class='ocrx_word' id='word_1_196' title='bbox 94 1813 157 1857; x_wconf 87' lang='lat' dir='ltr'>nium</span> <span class='ocrx_word' id='word_1_197' title='bbox 172 1813 260 1871; x_wconf 82' lang='lat' dir='ltr'>frugum</span> <span class='ocrx_word' id='word_1_198' title='bbox 275 1815 343 1857; x_wconf 87' lang='lat' dir='ltr'>terrae</span> <span class='ocrx_word' id='word_1_199' title='bbox 359 1812 486 1872; x_wconf 82' lang='lat' dir='ltr'>(secundum</span> <span class='ocrx_word' id='word_1_200' title='bbox 501 1812 530 1858; x_wconf 83' lang='lat' dir='ltr'>M.</span> <span class='ocrx_word' id='word_1_201' title='bbox 542 1812 658 1856; x_wconf 85' lang='lat' dir='ltr'>Bikkurim</span> <span class='ocrx_word' id='word_1_202' title='bbox 676 1818 720 1866; x_wconf 86' lang='lat'>1,3</span> <span class='ocrx_word' id='word_1_203' title='bbox 736 1815 823 1856; x_wconf 89' lang='lat' dir='ltr'>tantum</span> <span class='ocrx_word' id='word_1_204' title='bbox 839 1814 926 1857; x_wconf 87' lang='lat' dir='ltr'>illarum</span> <span class='ocrx_word' id='word_1_205' title='bbox 942 1830 989 1871; x_wconf 90' lang='lat' dir='ltr'>sep-</span> 
     </span>
     <span class='ocr_line' id='line_1_22' title="bbox 93 1885 989 1943; baseline 0 -13"><span class='ocrx_word' id='word_1_206' title='bbox 93 1889 139 1930; x_wconf 87' lang='lat' dir='ltr'>tem</span> <span class='ocrx_word' id='word_1_207' title='bbox 155 1887 277 1943; x_wconf 88' lang='lat' dir='ltr'>specierum,</span> <span class='ocrx_word' id='word_1_208' title='bbox 299 1901 353 1943; x_wconf 87' lang='lat' dir='ltr'>quae</span> <span class='ocrx_word' id='word_1_209' title='bbox 369 1886 399 1929; x_wconf 89' lang='lat' dir='ltr'>Dt</span> <span class='ocrx_word' id='word_1_210' title='bbox 415 1890 435 1940; x_wconf 87' lang='lat'>8,</span> <span class='ocrx_word' id='word_1_211' title='bbox 451 1890 465 1933; x_wconf 85' lang='lat'>8</span> <span class='ocrx_word' id='word_1_212' title='bbox 481 1885 505 1928; x_wconf 91' lang='lat' dir='ltr'>in</span> <span class='ocrx_word' id='word_1_213' title='bbox 521 1885 622 1930; x_wconf 87' lang='lat' dir='ltr'>laudibus</span> <span class='ocrx_word' id='word_1_214' title='bbox 638 1890 707 1930; x_wconf 89' lang='lat' dir='ltr'>terrae</span> <span class='ocrx_word' id='word_1_215' title='bbox 723 1885 810 1930; x_wconf 80' lang='lat' dir='ltr'>Oanaan</span> <span class='ocrx_word' id='word_1_216' title='bbox 826 1889 989 1931; x_wconf 85' lang='lat' dir='ltr'>enumerantur:</span> 
     </span>
     <span class='ocr_line' id='line_1_23' title="bbox 94 1959 989 2020; baseline 0 -17"><span class='ocrx_word' id='word_1_217' title='bbox 94 1959 167 2013; x_wconf 90' lang='lat' dir='ltr'>tritici,</span> <span class='ocrx_word' id='word_1_218' title='bbox 183 1959 262 2011; x_wconf 86' lang='lat' dir='ltr'>hordei,</span> <span class='ocrx_word' id='word_1_219' title='bbox 278 1974 374 2012; x_wconf 90' lang='lat' dir='ltr'>uvarum,</span> <span class='ocrx_word' id='word_1_220' title='bbox 390 1959 475 2010; x_wconf 89' lang='lat' dir='ltr'>ficuum,</span> <span class='ocrx_word' id='word_1_221' title='bbox 492 1959 601 2002; x_wconf 89' lang='lat' dir='ltr'>malorum</span> <span class='ocrx_word' id='word_1_222' title='bbox 617 1961 765 2017; x_wconf 83' lang='lat' dir='ltr'>granatorum,</span> <span class='ocrx_word' id='word_1_223' title='bbox 783 1959 893 2012; x_wconf 90' lang='lat' dir='ltr'>olivarum,</span> <span class='ocrx_word' id='word_1_224' title='bbox 910 1960 989 2020; x_wconf 90' lang='lat' dir='ltr'>mellis)</span> 
     </span>
     <span class='ocr_line' id='line_1_24' title="bbox 95 2031 989 2092; baseline 0.001 -17"><span class='ocrx_word' id='word_1_225' title='bbox 95 2032 181 2089; x_wconf 88' lang='lat' dir='ltr'>dempta</span> <span class='ocrx_word' id='word_1_226' title='bbox 197 2046 232 2075; x_wconf 88' lang='lat' dir='ltr'>eas</span> <span class='ocrx_word' id='word_1_227' title='bbox 247 2033 271 2075; x_wconf 93' lang='lat' dir='ltr'>in</span> <span class='ocrx_word' id='word_1_228' title='bbox 287 2033 350 2076; x_wconf 86' lang='lat' dir='ltr'>corbe</span> <span class='ocrx_word' id='word_1_229' title='bbox 364 2031 445 2089; x_wconf 90' lang='lat' dir='ltr'>positas</span> <span class='ocrx_word' id='word_1_230' title='bbox 461 2031 488 2075; x_wconf 89' lang='lat' dir='ltr'>ad</span> <span class='ocrx_word' id='word_1_231' title='bbox 504 2032 622 2075; x_wconf 89' lang='lat' dir='ltr'>sacrarium</span> <span class='ocrx_word' id='word_1_232' title='bbox 637 2032 755 2089; x_wconf 88' lang='lat' dir='ltr'>portabant</span> <span class='ocrx_word' id='word_1_233' title='bbox 770 2031 843 2092; x_wconf 87' lang='lat' dir='ltr'>ibique</span> <span class='ocrx_word' id='word_1_234' title='bbox 862 2033 924 2076; x_wconf 90' lang='lat' dir='ltr'>certis</span> <span class='ocrx_word' id='word_1_235' title='bbox 941 2048 989 2076; x_wconf 90' lang='lat' dir='ltr'>cum</span> 
     </span>
     <span class='ocr_line' id='line_1_25' title="bbox 96 2104 989 2166; baseline 0 -17"><span class='ocrx_word' id='word_1_236' title='bbox 96 2104 232 2149; x_wconf 88' lang='lat' dir='ltr'>caerimoniis</span> <span class='ocrx_word' id='word_1_237' title='bbox 247 2105 385 2162; x_wconf 86' lang='lat' dir='ltr'>precibusque</span> <span class='ocrx_word' id='word_1_238' title='bbox 401 2105 547 2149; x_wconf 90' lang='lat' dir='ltr'>sacerdotibus</span> <span class='ocrx_word' id='word_1_239' title='bbox 562 2105 679 2149; x_wconf 87' lang='lat' dir='ltr'>tradebant</span> <span class='ocrx_word' id='word_1_240' title='bbox 695 2105 734 2164; x_wconf 84' lang='lat' dir='ltr'>(Dt</span> <span class='ocrx_word' id='word_1_241' title='bbox 750 2109 785 2156; x_wconf 91' lang='grc'>26,</span> <span class='ocrx_word' id='word_1_242' title='bbox 801 2107 892 2166; x_wconf 79' lang='grc'>2-11).</span> <span class='ocrx_word' id='word_1_243' title='bbox 913 2106 967 2150; x_wconf 90' lang='lat' dir='ltr'>Post</span> <span class='ocrx_word' id='word_1_244' title='bbox 979 2133 989 2140; x_wconf 93' lang='lat'>-</span> 
     </span>
     <span class='ocr_line' id='line_1_26' title="bbox 94 2177 989 2235; baseline 0 -14"><span class='ocrx_word' id='word_1_245' title='bbox 94 2177 187 2222; x_wconf 90' lang='lat' dir='ltr'>rioribus</span> <span class='ocrx_word' id='word_1_246' title='bbox 202 2178 338 2235; x_wconf 84' lang='lat' dir='ltr'>temporibus</span> <span class='ocrx_word' id='word_1_247' title='bbox 358 2178 465 2235; x_wconf 89' lang='lat' dir='ltr'>primitiae</span> <span class='ocrx_word' id='word_1_248' title='bbox 485 2193 532 2222; x_wconf 91' lang='lat' dir='ltr'>non</span> <span class='ocrx_word' id='word_1_249' title='bbox 553 2179 625 2222; x_wconf 89' lang='lat' dir='ltr'>solum</span> <span class='ocrx_word' id='word_1_250' title='bbox 646 2177 735 2235; x_wconf 88' lang='lat' dir='ltr'>frugum</span> <span class='ocrx_word' id='word_1_251' title='bbox 755 2180 824 2221; x_wconf 89' lang='lat' dir='ltr'>terrae</span> <span class='ocrx_word' id='word_1_252' title='bbox 843 2178 936 2232; x_wconf 80' lang='lat' dir='ltr'>canaan,</span> <span class='ocrx_word' id='word_1_253' title='bbox 952 2179 989 2222; x_wconf 92' lang='lat' dir='ltr'>sed</span> 
     </span>
     <span class='ocr_line' id='line_1_27' title="bbox 94 2250 988 2309; baseline 0 -14"><span class='ocrx_word' id='word_1_254' title='bbox 94 2252 160 2295; x_wconf 90' lang='lat' dir='ltr'>etiam</span> <span class='ocrx_word' id='word_1_255' title='bbox 181 2266 281 2309; x_wconf 88' lang='lat' dir='ltr'>agrorum</span> <span class='ocrx_word' id='word_1_256' title='bbox 296 2251 427 2295; x_wconf 74' lang='lat' dir='ltr'>ludaeorum</span> <span class='ocrx_word' id='word_1_257' title='bbox 447 2251 471 2294; x_wconf 87' lang='lat' dir='ltr'>in</span> <span class='ocrx_word' id='word_1_258' title='bbox 492 2251 538 2295; x_wconf 90' lang='lat' dir='ltr'>aliis</span> <span class='ocrx_word' id='word_1_259' title='bbox 559 2251 623 2295; x_wconf 90' lang='lat' dir='ltr'>terris</span> <span class='ocrx_word' id='word_1_260' title='bbox 643 2250 735 2295; x_wconf 91' lang='lat' dir='ltr'>sitorum</span> <span class='ocrx_word' id='word_1_261' title='bbox 751 2250 900 2307; x_wconf 85' lang='lat' dir='ltr'>Hierosolyma</span> <span class='ocrx_word' id='word_1_262' title='bbox 915 2252 988 2296; x_wconf 92' lang='lat' dir='ltr'>mitte-</span> 
     </span>
     <span class='ocr_line' id='line_1_28' title="bbox 93 2323 426 2386; baseline -0.009 -17"><span class='ocrx_word' id='word_1_263' title='bbox 93 2326 173 2369; x_wconf 91' lang='lat' dir='ltr'>bantur</span> <span class='ocrx_word' id='word_1_264' title='bbox 190 2323 244 2383; x_wconf 81' lang='lat' dir='ltr'>(Jos.</span> <span class='ocrx_word' id='word_1_265' title='bbox 260 2323 294 2367; x_wconf 80' lang='lat' dir='ltr'>AJ</span> <span class='ocrx_word' id='word_1_266' title='bbox 311 2329 344 2378; x_wconf 83' lang='grc'>16,</span> <span class='ocrx_word' id='word_1_267' title='bbox 361 2329 380 2372; x_wconf 81' lang='grc'>6,</span> <span class='ocrx_word' id='word_1_268' title='bbox 399 2326 426 2386; x_wconf 71' lang='lat' dir='ltr'>T),</span> 
     </span>
    </p>

    <p class='ocr_par' dir='ltr' id='par_1_7' title="bbox 93 2398 989 2900">
     <span class='ocr_line' id='line_1_29' title="bbox 154 2398 988 2457; baseline -0.001 -15"><span class='ocrx_word' id='word_1_269' title='bbox 154 2398 186 2442; x_wconf 88' lang='lat' dir='ltr'>De</span> <span class='ocrx_word' id='word_1_270' title='bbox 208 2398 307 2442; x_wconf 86' lang='lat' dir='ltr'>omnibus</span> <span class='ocrx_word' id='word_1_271' title='bbox 326 2399 426 2457; x_wconf 89' lang='lat' dir='ltr'>primitiis</span> <span class='ocrx_word' id='word_1_272' title='bbox 448 2399 540 2457; x_wconf 89' lang='lat' dir='ltr'>qualitas</span> <span class='ocrx_word' id='word_1_273' title='bbox 561 2398 685 2441; x_wconf 89' lang='lat' dir='ltr'>inculcatur</span> <span class='ocrx_word' id='word_1_274' title='bbox 703 2398 854 2455; x_wconf 86' lang='lat' dir='ltr'>praestantior,</span> <span class='ocrx_word' id='word_1_275' title='bbox 871 2398 988 2442; x_wconf 86' lang='lat' dir='ltr'>multitudo</span> 
     </span>
     <span class='ocr_line' id='line_1_30' title="bbox 94 2471 988 2529; baseline -0.003 -12"><span class='ocrx_word' id='word_1_276' title='bbox 94 2475 166 2517; x_wconf 86' lang='lat' dir='ltr'>autem</span> <span class='ocrx_word' id='word_1_277' title='bbox 186 2471 351 2516; x_wconf 89' lang='lat' dir='ltr'>indeterminata</span> <span class='ocrx_word' id='word_1_278' title='bbox 371 2473 447 2529; x_wconf 88' lang='lat' dir='ltr'>pietati</span> <span class='ocrx_word' id='word_1_279' title='bbox 467 2475 489 2516; x_wconf 89' lang='lat' dir='ltr'>et</span> <span class='ocrx_word' id='word_1_280' title='bbox 510 2471 638 2516; x_wconf 87' lang='lat' dir='ltr'>liberalitati</span> <span class='ocrx_word' id='word_1_281' title='bbox 653 2471 791 2515; x_wconf 81' lang='lat' dir='ltr'>offerentium</span> <span class='ocrx_word' id='word_1_282' title='bbox 807 2472 988 2515; x_wconf 87' lang='lat' dir='ltr'>committebatur.</span> 
     </span>
     <span class='ocr_line' id='line_1_31' title="bbox 94 2543 988 2603; baseline -0.002 -14"><span class='ocrx_word' id='word_1_283' title='bbox 94 2546 171 2589; x_wconf 80' lang='lat' dir='ltr'>Judaei</span> <span class='ocrx_word' id='word_1_284' title='bbox 187 2544 272 2601; x_wconf 89' lang='lat' dir='ltr'>quidem</span> <span class='ocrx_word' id='word_1_285' title='bbox 288 2546 339 2591; x_wconf 85' lang='lat' dir='ltr'>satis</span> <span class='ocrx_word' id='word_1_286' title='bbox 354 2561 398 2590; x_wconf 88' lang='lat' dir='ltr'>esse</span> <span class='ocrx_word' id='word_1_287' title='bbox 415 2546 528 2597; x_wconf 89' lang='lat' dir='ltr'>ducebant,</span> <span class='ocrx_word' id='word_1_288' title='bbox 545 2545 563 2588; x_wconf 90' lang='lat' dir='ltr'>si</span> <span class='ocrx_word' id='word_1_289' title='bbox 579 2544 759 2603; x_wconf 88' lang='lat' dir='ltr'>quinquagesima</span> <span class='ocrx_word' id='word_1_290' title='bbox 780 2560 829 2602; x_wconf 87' lang='lat' dir='ltr'>pars</span> <span class='ocrx_word' id='word_1_291' title='bbox 851 2543 939 2601; x_wconf 81' lang='lat' dir='ltr'>frugum</span> <span class='ocrx_word' id='word_1_292' title='bbox 955 2544 988 2587; x_wconf 84' lang='lat' dir='ltr'>of-</span> 
     </span>
     <span class='ocr_line' id='line_1_32' title="bbox 93 2617 988 2666; baseline -0.003 -3"><span class='ocrx_word' id='word_1_293' title='bbox 93 2619 190 2666; x_wconf 81' lang='lat' dir='ltr'>ferretur,</span> <span class='ocrx_word' id='word_1_294' title='bbox 211 2619 242 2661; x_wconf 86' lang='lat' dir='ltr'>ita</span> <span class='ocrx_word' id='word_1_295' title='bbox 262 2620 334 2662; x_wconf 89' lang='lat' dir='ltr'>tamen</span> <span class='ocrx_word' id='word_1_296' title='bbox 354 2622 378 2663; x_wconf 92' lang='lat' dir='ltr'>ut</span> <span class='ocrx_word' id='word_1_297' title='bbox 399 2618 457 2663; x_wconf 90' lang='lat' dir='ltr'>haud</span> <span class='ocrx_word' id='word_1_298' title='bbox 478 2633 563 2662; x_wconf 87' lang='lat' dir='ltr'>necesse</span> <span class='ocrx_word' id='word_1_299' title='bbox 584 2621 640 2662; x_wconf 88' lang='lat' dir='ltr'>esset</span> <span class='ocrx_word' id='word_1_300' title='bbox 660 2633 735 2662; x_wconf 90' lang='lat' dir='ltr'>omnes</span> <span class='ocrx_word' id='word_1_301' title='bbox 756 2617 885 2661; x_wconf 89' lang='lat' dir='ltr'>tantundem</span> <span class='ocrx_word' id='word_1_302' title='bbox 901 2617 988 2662; x_wconf 90' lang='lat' dir='ltr'>solvere.</span> 
     </span>
     <span class='ocr_line' id='line_1_33' title="bbox 95 2690 989 2752; baseline -0.002 -17"><span class='ocrx_word' id='word_1_303' title='bbox 95 2691 136 2745; x_wconf 75' lang='lat' dir='ltr'>Qui</span> <span class='ocrx_word' id='word_1_304' title='bbox 151 2691 304 2749; x_wconf 77' lang='lat' dir='ltr'>sexagesimam</span> <span class='ocrx_word' id='word_1_305' title='bbox 319 2694 402 2748; x_wconf 88' lang='lat' dir='ltr'>partem</span> <span class='ocrx_word' id='word_1_306' title='bbox 418 2692 522 2745; x_wconf 81' lang='lat' dir='ltr'>solvebat,</span> <span class='ocrx_word' id='word_1_307' title='bbox 538 2706 584 2735; x_wconf 90' lang='lat' dir='ltr'>non</span> <span class='ocrx_word' id='word_1_308' title='bbox 601 2691 693 2749; x_wconf 88' lang='lat' dir='ltr'>amplius</span> <span class='ocrx_word' id='word_1_309' title='bbox 708 2691 778 2735; x_wconf 90' lang='lat' dir='ltr'>teneri</span> <span class='ocrx_word' id='word_1_310' title='bbox 794 2691 925 2752; x_wconf 86' lang='lat' dir='ltr'>credebatur.</span> <span class='ocrx_word' id='word_1_311' title='bbox 947 2690 989 2744; x_wconf 72' lang='lat' dir='ltr'>Qui</span> 
     </span>
     <span class='ocr_line' id='line_1_34' title="bbox 94 2764 989 2823; baseline -0.006 -12"><span class='ocrx_word' id='word_1_312' title='bbox 94 2781 144 2811; x_wconf 91' lang='lat' dir='ltr'>vero</span> <span class='ocrx_word' id='word_1_313' title='bbox 164 2782 186 2810; x_wconf 91' lang='lat' dir='ltr'>se</span> <span class='ocrx_word' id='word_1_314' title='bbox 206 2764 375 2822; x_wconf 81' lang='lat' dir='ltr'>religiosissimos</span> <span class='ocrx_word' id='word_1_315' title='bbox 395 2766 540 2823; x_wconf 86' lang='lat' dir='ltr'>praestabant,</span> <span class='ocrx_word' id='word_1_316' title='bbox 562 2764 750 2822; x_wconf 80' lang='lat' dir='ltr'>quadragesimam</span> <span class='ocrx_word' id='word_1_317' title='bbox 771 2766 854 2820; x_wconf 86' lang='lat' dir='ltr'>partem</span> <span class='ocrx_word' id='word_1_318' title='bbox 875 2764 989 2808; x_wconf 89' lang='lat' dir='ltr'>solvebant</span> 
     </span>
     <span class='ocr_line' id='line_1_35' title="bbox 94 2836 989 2900; baseline -0.004 -14"><span class='ocrx_word' id='word_1_319' title='bbox 94 2837 290 2900; x_wconf 71' lang='grc'>(11.1111111101114,</span> <span class='ocrx_word' id='word_1_320' title='bbox 302 2843 321 2885; x_wconf 82' lang='lat'>3.</span> <span class='ocrx_word' id='word_1_321' title='bbox 338 2838 363 2882; x_wconf 85' lang='lat' dir='ltr'>cf.</span> <span class='ocrx_word' id='word_1_322' title='bbox 374 2839 498 2896; x_wconf 79' lang='lat' dir='ltr'>Hieronym.</span> <span class='ocrx_word' id='word_1_323' title='bbox 510 2838 592 2884; x_wconf 83' lang='lat' dir='ltr'>Oomm.</span> <span class='ocrx_word' id='word_1_324' title='bbox 603 2837 628 2881; x_wconf 91' lang='lat' dir='ltr'>in</span> <span class='ocrx_word' id='word_1_325' title='bbox 640 2839 715 2891; x_wconf 73' lang='grc'>11115,</span> <span class='ocrx_word' id='word_1_326' title='bbox 728 2842 755 2885; x_wconf 82' lang='grc'>13</span> <span class='ocrx_word' id='word_1_327' title='bbox 767 2852 782 2880; x_wconf 88' lang='lat' dir='ltr'>s.</span> <span class='ocrx_word' id='word_1_328' title='bbox 800 2836 863 2881; x_wconf 77' lang='lat' dir='ltr'>MSL</span> <span class='ocrx_word' id='word_1_329' title='bbox 880 2840 915 2890; x_wconf 81' lang='grc'>26,</span> <span class='ocrx_word' id='word_1_330' title='bbox 926 2837 989 2898; x_wconf 81' lang='grc'>461).</span> 
     </span>
    </p>

    <p class='ocr_par' dir='ltr' id='par_1_8' title="bbox 93 2909 988 3188">
     <span class='ocr_line' id='line_1_36' title="bbox 154 2909 988 2970; baseline -0.005 -14"><span class='ocrx_word' id='word_1_331' title='bbox 154 2912 183 2956; x_wconf 87' lang='grc'>111</span> <span class='ocrx_word' id='word_1_332' title='bbox 203 2910 285 2969; x_wconf 80' lang='lat' dir='ltr'>singuli</span> <span class='ocrx_word' id='word_1_333' title='bbox 300 2911 390 2955; x_wconf 86' lang='lat' dir='ltr'>Hebraei</span> <span class='ocrx_word' id='word_1_334' title='bbox 410 2912 517 2969; x_wconf 87' lang='lat' dir='ltr'>primitias</span> <span class='ocrx_word' id='word_1_335' title='bbox 538 2913 627 2970; x_wconf 77' lang='lat' dir='ltr'>frugum</span> <span class='ocrx_word' id='word_1_336' title='bbox 648 2914 717 2954; x_wconf 89' lang='lat' dir='ltr'>terrae</span> <span class='ocrx_word' id='word_1_337' title='bbox 734 2910 817 2953; x_wconf 81' lang='lat' dir='ltr'>Jahvae</span> <span class='ocrx_word' id='word_1_338' title='bbox 833 2909 908 2954; x_wconf 86' lang='lat' dir='ltr'>offerre</span> <span class='ocrx_word' id='word_1_339' title='bbox 925 2909 988 2953; x_wconf 92' lang='lat' dir='ltr'>debe-</span> 
     </span>
     <span class='ocr_line' id='line_1_37' title="bbox 93 2977 988 3043; baseline -0.003 -14"><span class='ocrx_word' id='word_1_340' title='bbox 93 2986 152 3038; x_wconf 90' lang='lat' dir='ltr'>bant,</span> <span class='ocrx_word' id='word_1_341' title='bbox 168 2985 199 3029; x_wconf 90' lang='lat' dir='ltr'>ita</span> <span class='ocrx_word' id='word_1_342' title='bbox 214 2985 326 3028; x_wconf 85' lang='lat' dir='ltr'>universus</span> <span class='ocrx_word' id='word_1_343' title='bbox 341 2985 432 3043; x_wconf 90' lang='lat' dir='ltr'>populus</span> <span class='ocrx_word' id='word_1_344' title='bbox 448 2985 550 3042; x_wconf 90' lang='lat' dir='ltr'>primitiis</span> <span class='ocrx_word' id='word_1_345' title='bbox 571 2984 651 3028; x_wconf 85' lang='lat' dir='ltr'>oblatis</span> <span class='ocrx_word' id='word_1_346' title='bbox 672 2977 761 3036; x_wconf 86' lang='lat' dir='ltr'>Jahvae,</span> <span class='ocrx_word' id='word_1_347' title='bbox 778 2984 849 3026; x_wconf 87' lang='lat' dir='ltr'>omnis</span> <span class='ocrx_word' id='word_1_348' title='bbox 869 2983 988 3027; x_wconf 83' lang='lat' dir='ltr'>fertilitatis</span> 
     </span>
     <span class='ocr_line' id='line_1_38' title="bbox 94 3056 987 3116; baseline -0.003 -14"><span class='ocrx_word' id='word_1_349' title='bbox 94 3059 181 3111; x_wconf 90' lang='lat' dir='ltr'>auctori,</span> <span class='ocrx_word' id='word_1_350' title='bbox 197 3058 278 3116; x_wconf 91' lang='lat' dir='ltr'>gratias</span> <span class='ocrx_word' id='word_1_351' title='bbox 294 3072 355 3115; x_wconf 88' lang='lat' dir='ltr'>agere</span> <span class='ocrx_word' id='word_1_352' title='bbox 371 3059 467 3103; x_wconf 91' lang='lat' dir='ltr'>debebat.</span> <span class='ocrx_word' id='word_1_353' title='bbox 489 3057 559 3111; x_wconf 74' lang='lat' dir='ltr'>Quare</span> <span class='ocrx_word' id='word_1_354' title='bbox 574 3057 678 3114; x_wconf 88' lang='lat' dir='ltr'>postridie</span> <span class='ocrx_word' id='word_1_355' title='bbox 694 3056 802 3114; x_wconf 87' lang='lat' dir='ltr'>paschatis</span> <span class='ocrx_word' id='word_1_356' title='bbox 818 3057 862 3101; x_wconf 89' lang='lat' dir='ltr'>sive</span> <span class='ocrx_word' id='word_1_357' title='bbox 878 3056 911 3100; x_wconf 90' lang='lat' dir='ltr'>die</span> <span class='ocrx_word' id='word_1_358' title='bbox 927 3058 987 3100; x_wconf 83' lang='lat' dir='ltr'>serto</span> 
     </span>
     <span class='ocr_line' id='line_1_39' title="bbox 93 3129 988 3188; baseline -0.001 -14"><span class='ocrx_word' id='word_1_359' title='bbox 93 3131 174 3175; x_wconf 89' lang='lat' dir='ltr'>decimo</span> <span class='ocrx_word' id='word_1_360' title='bbox 191 3130 270 3174; x_wconf 90' lang='lat' dir='ltr'>mensis</span> <span class='ocrx_word' id='word_1_361' title='bbox 286 3129 353 3175; x_wconf 87' lang='lat' dir='ltr'>Nisan</span> <span class='ocrx_word' id='word_1_362' title='bbox 368 3132 450 3188; x_wconf 90' lang='lat' dir='ltr'>primus</span> <span class='ocrx_word' id='word_1_363' title='bbox 466 3131 572 3188; x_wconf 83' lang='lat' dir='ltr'>spicarum</span> <span class='ocrx_word' id='word_1_364' title='bbox 589 3130 665 3173; x_wconf 88' lang='lat' dir='ltr'>hordei</span> <span class='ocrx_word' id='word_1_365' title='bbox 680 3129 804 3186; x_wconf 90' lang='lat' dir='ltr'>manipulus</span> <span class='ocrx_word' id='word_1_366' title='bbox 825 3133 846 3174; x_wconf 89' lang='lat' dir='ltr'>et</span> <span class='ocrx_word' id='word_1_367' title='bbox 862 3130 886 3174; x_wconf 91' lang='lat' dir='ltr'>in</span> <span class='ocrx_word' id='word_1_368' title='bbox 902 3131 988 3174; x_wconf 90' lang='lat' dir='ltr'>sollem-</span> 
     </span>
    </p>
   </div>
   <div class='ocr_carea' id='block_1_6' title="bbox 0 0 1088 3388">
    <p class='ocr_par' dir='ltr' id='par_1_9' title="bbox 0 0 1088 3388">
     <span class='ocr_line' id='line_1_40' title="bbox 0 0 1088 3388; baseline 0 0"><span class='ocrx_word' id='word_1_369' title='bbox 0 0 1088 3388; x_wconf 95' lang='lat' dir='ltr'> </span> 
     </span>
    </p>
   </div>
  </div>
 </body>
</html>
