2147 3361
415 66 529 115 Temporuin
541 66 642 114 descriptio
929 66 972 111 661

79 202 103 242 Ε.
119 198 226 246 11111111,
242 196 280 236 Die
296 194 349 234 Zeit·
366 191 409 233 und
425 192 577 246 Festrechnung
593 194 628 234 der
644 193 716 233 Juden.
738 191 796 232 Wien
814 196 877 234 1889.
898 213 928 218 -
944 189 975 228 W.

82 258 275 306 Mnus-Arnolt‚
299 254 341 294 The
356 265 426 293 names
445 253 467 292 of
479 255 514 294 the
530 253 751 307 Assyro-Babylonian
766 253 847 293 months
866 249 906 291 and
921 250 975 290 their

82 323 167 375 regente.
188 317 311 359 Nem-Yorh
335 319 399 357 1893.
426 336 455 343 —
482 314 504 355 E.
525 311 649 366 8111111111,
670 314 790 366 Grundaiige
812 314 847 353 des
867 311 975 364 y'iidischen

75 383 192 423 ,Kalendars
208 377 265 433 (etv
280 377 312 426 14,
331 371 467 429 745--7601Δ
486 398 516 404 -
531 376 556 415 Η.
567 376 711 425 Winehler,
728 374 857 426 Glironologie
868 372 911 413 und
922 372 975 413 Zeit-

80 444 186 492 reohnung
196 436 273 495 (KAT³
291 431 427 491 316—336).
447 458 477 464 -
492 436 514 476 E.
530 436 625 489 Kartg,
641 435 813 488 Kalenderfragen
828 435 857 474 im
868 434 975 474 1111111111-

80 505 142 545 ,ichen
153 500 273 543 Schrifttum
290 495 369 554 (ZDMG
379 497 418 546 LX,
432 502 495 546 1906,
509 495 643 551 605-644).
658 521 689 526 —-
703 498 732 537 De
747 497 806 537 fastis
822 496 875 547 apud
886 494 975 535 ludaeos

82 577 136 606 nune
151 561 241 608 usitatis,
263 561 300 610 qui
316 571 357 598 non
378 559 402 597 ut
418 558 481 609 vulgo
497 559 582 609 putatur
603 570 626 597 er
642 560 714 609 quarto
734 571 753 608 p.
770 557 804 597 Gh.
819 571 839 596 n.
855 556 934 597 saeculo
956 555 976 610 (a

83 625 146 667 Rabbi
161 622 223 663 Hiliel
238 616 268 675 ΙΙ)
285 618 372 671 profecti
388 619 441 667 sunt,
459 617 495 657 sed
511 619 535 657 ut
550 618 574 658 A.
584 618 683 659 11111111
699 615 746 674 (llas
756 618 814 657 Alter
829 617 864 657 des
879 617 975 669 heutigen

78 685 188 739 ¹jiidisehen
203 680 320 721 Kalendars.
347 678 483 719 Historisches
500 678 604 718 Jahrbuch
622 685 686 727 1895,
704 675 801 734 84-93)
822 677 978 737 demonstravit

84 759 135 786 anno
152 751 193 787 770
215 756 234 794 p.
251 741 285 781 Oh.
302 740 433 790 exstiterunt,
455 740 544 780 conferas
559 741 581 779 P.
598 740 706 792 Schegg,
728 739 828 780 Biblisehe
843 738 975 790 Archtologie

83 809 208 849 332-«335.

142 875 235 925 hebraei,
262 887 309 914 eum
330 874 477 914 commercium
497 874 595 913 haberent
616 873 662 913 curn
684 872 826 912 excultissimis
848 872 976 923 antiquitatis

85 938 165 990 populis
181 934 305 993 (Aegyptiis,
322 935 450 987 Babyloniis,
467 934 552 982 Graecis,
569 930 671 988 Romanis)
688 946 797 984 eorumque
813 932 887 973 dicioni
902 932 976 973 11111111-
1039 933 1040 936 ’

82 1000 129 1039 dem
146 997 233 1038 subiecti
249 996 325 1044 essent,
347 995 370 1036 in
385 996 512 1047 temporibus
529 995 664 1035 describendis
681 994 779 1034 nonnulla
800 994 824 1033 ab
839 994 864 1033 iis
879 994 977 1045 recepisse

85 1059 186 1100 videntur.
212 1057 277 1104 Quam
294 1057 320 1096 ob
336 1069 380 1097 rem
397 1070 449 1108 quae
466 1070 537 1098 eorum
552 1055 674 1108 populorum
690 1055 779 1095 rationes
794 1056 909 1107 temporum
925 1067 977 1094 com-

85 1120 222 1171 putandorum
238 1118 321 1167 fuerint,
339 1118 372 1157 hic
388 1117 479 1157 breuiter
495 1117 637 1169 exponendum
653 1116 689 1156 est.

145 1202 168 1258 1)
184 1204 326 1256 Antiquorum
342 1204 538 1257 Aegyptiorum
555 1216 620 1244 annus
637 1203 749 1244 communis
767 1208 808 1245 365
826 1202 869 1241 dies
885 1201 978 1252 explebat

85 1267 99 1306 i.
115 1279 131 1306 1.
152 1265 257 1305 duodecim
278 1277 359 1304 menses
383 1263 463 1319 (Thoth
488 1265 569 1316 Paophi‚
592 1264 678 1316 Hathyr‚
700 1263 794 1313 ehoiakh,
817 1262 873 1314 'lybi
895 1262 976 1310 lllechir‚

87 1326 217 1374 Phamenoth,
234 1325 360 1374 Pharmuthi,
376 1325 462 1374 Paehon,
479 1326 549 1377 Payni‚
566 1325 646 1378 Epiphi,
662 1323 744 1381 Mesori]
759 1325 883 1364 tricenorum
894 1323 978 1372 dierum,

83 1388 160 1439 quibus
180 1398 232 1427 anne
254 1388 341 1426 exeunte
362 1386 453 1437 quinque
475 1386 517 1426 dies
538 1387 668 1427 intercalares
690 1381 831 1443 (increparet)
848 1384 979 1432 addebantur.

85 1450 157 1489 Annus
178 1447 269 1498 aprime
292 1447 325 1486 die
341 1446 418 1486 mensis
435 1447 501 1487 Thoth
516 1447 632 1498 incipiebat.
660 1447 709 1487 (lum
726 1452 794 1486 sextus
810 1446 852 1486 dies
868 1458 979 1497 numquam

85 1508 244 1556 intercalaretur,
260 1507 345 1547 initium
362 1507 410 1547 anni
425 1508 526 1558 paulatim
541 1504 562 1547 in
579 1508 645 1549 omnia
661 1508 710 1547 anui
725 1510 816 1558 tempora
825 1507 903 1549 incidit.
919 1506 978 1545 Prae·
1004 1544 1005 1547 ,

83 1572 117 1609 ter
133 1582 179 1609 eum
195 1581 272 1608 aunum
293 1568 391 1608 mobilem
408 1569 503 1621 Aegyptii
523 1569 584 1609 etiarn
604 1581 656 1608 anno
674 1568 746 1622 3651l4
769 1568 847 1608 dierum
862 1568 978 1615 utebantur,

87 1631 122 1681 qui
138 1643 190 1670 anno
206 1644 218 1668 a
234 1629 317 1668 Caesare
333 1624 371 1684 (46
388 1645 405 1670 a.
422 1626 458 1685 Oh)
478 1630 575 1670 instituto
596 1629 638 1670 siae
654 1643 706 1669 anno
722 1630 805 1669 auliano
821 1629 880 1680 plane
895 1640 978 1679 respon-

87 1691 153 1742 debat.
179 1690 228 1729 Erat
245 1696 287 1732 365
306 1689 390 1741 dierum,
408 1690 443 1730 sed
454 1692 539 1741 quartus
555 1691 640 1743 quisque
657 1703 722 1730 annus
735 1697 777 1733 366
795 1690 878 1732 dierum.
893 1689 978 1729 lnitium

85 1767 100 1792 a
115 1752 178 1798 stella,
196 1763 248 1801 quae
264 1749 411 1791 Scibis-Sirius
426 1751 548 1804 appellatur,
564 1752 642 1791 oriente
658 1752 756 1802 capiebat,
772 1750 826 1790 unde
842 1762 915 1790 nomen
931 1749 979 1790 anni

85 1812 154 1853 Sothis
175 1811 244 1851 traxit.
270 1811 299 1850 Ea
319 1811 379 1851 stella
399 1814 446 1852 ante
467 1812 522 1852 diem
543 1814 639 1863 quartum
660 1812 761 1853 decimum
777 1811 875 1852 Kalendas
891 1810 980 1863 Augusti

87 1874 128 1914 siae
149 1868 399 1912 undevicesimum'diem
421 1873 497 1913 mensis
519 1872 570 1913 Julii
591 1873 704 1922 oriebatur;
728 1886 750 1913 eo
771 1873 803 1913 die
823 1873 899 1913 festum
914 1871 980 1912 Sothis

88 1934 190 1986 agebatur,
207 1932 261 1983 quod
278 1931 355 1972 festum
371 1934 445 1974 mobile
461 1934 525 1973 fuisse
541 1946 564 1974 er
580 1935 611 1982 iis,
633 1947 685 1986 quae
701 1934 794 1983 diximus,
812 1935 900 1986 appareti
926 1933 979 1980 Quo·

86 1995 140 2034 tiens
160 1994 235 2033 sestam
252 1993 319 2032 Sothis
340 1994 362 2033 in
382 1995 473 2046 primum
494 1994 548 2035 diem
568 1995 643 2035 mensis
659 1996 725 2036 Thoth
746 1995 829 2035 earlebat
850 1991 905 2050 (post
923 1999 978 2036 1469

85 2066 150 2095 ,annos
162 2054 228 2094 Sothis
245 2055 282 2092 aut
296 2060 352 2097 1462
370 2068 433 2095 annos
445 2052 578 2111 communes),
594 2069 646 2096 nova
657 2056 752 2107 periodus
763 2056 829 2097 Sothis
840 2052 980 2107 incipiebatur,

88 2114 226 2156 Astronomiee
243 2115 314 2153 autem
330 2115 378 2155 haee
393 2115 490 2167 periodus
509 2122 565 2158 1424
582 2117 640 2156 annis
657 2118 769 2157 conficitur.

149 2176 242 2215 ceterum
258 2174 281 2214 in
297 2177 435 2216 monumentis
450 2177 557 2229 Aegyptiis
578 2178 640 2218 etiam
656 2178 751 2219 nonnulli
767 2178 802 2217 alii
817 2190 915 2217 annorum
930 2175 981 2227 cycli

86 2237 279 2277 commemorantur.
305 2235 362 2276 Inter
383 2250 434 2288 quos
455 2243 485 2277 est
507 2234 556 2290 Apis
578 2239 646 2290 cyclus
668 2240 741 2292 viginti
763 2239 852 2290 quinque
874 2250 979 2284 annorum,

89 2310 174 2350 quorum
196 2295 273 2347 singuli
291 2301 333 2339 365
355 2298 397 2337 dies
418 2299 560 2339 numerabant.
587 2300 630 2347 Quo
651 2302 741 2352 tempore
763 2303 830 2339 exacto
846 2299 916 2350 pheses
938 2297 980 2337 sive

90 2358 213 2398 mutationes
233 2356 295 2396 lunae
315 2371 386 2398 rursus
406 2359 429 2398 in
449 2359 530 2399 eosdem
552 2360 596 2400 dies
614 2361 737 2401 inciderunt.
763 2362 791 2400 lle
807 2361 861 2411 cyclo
877 2359 981 2399 Phoenicis

87 2421 112 2460 et
128 2418 166 2459 alio
182 2417 270 2469 quodam
288 2423 361 2461 36525
383 2433 484 2459 annorum
505 2421 558 2461 nihil
578 2419 628 2462 certi
648 2424 705 2462 const
718 2424 733 2462 t.
758 2421 781 2461 ld
801 2434 848 2461 vero
869 2422 982 2460 memoratu

91 2480 174 2531 dignum
190 2480 226 2525 est,
243 2477 299 2529 quod
315 2481 498 2524 enneaconta
514 2481 537 2521 in
552 2483 603 2523 urbe
614 2484 710 2535 Kanopus
726 2480 782 2539 (Aeg.
793 2479 874 2535 Pepuot)
890 2495 901 2520 a
917 2494 980 2521 saeer-

87 2541 172 2580 dotibus
188 2539 295 2591 Aegyptiis
316 2539 397 2581 decreto
417 2541 506 2592 quodam
522 2543 678 2597 hieroglyphice,
701 2544 803 2591 demetiae,
819 2543 891 2582 Graece
907 2542 981 2593 scripto

91 2604 136 2653 post
151 2603 220 2641 ternos
242 2612 306 2640 annos
323 2614 440 2642 communes
460 2616 526 2643 annus
541 2605 670 2646 intercalaris
688 2610 728 2647 366
746 2605 824 2643 dierum
840 2605 929 2643 statutus
945 2604 982 2643 est.

150 2662 238 2702 Mensem
254 2662 353 2713 Aegyptii
372 2662 394 2702 in
410 2665 452 2703 tres
467 2666 536 2715 partes
553 2666 676 2707 dividebant.
702 2665 814 2705 Hebdomas
831 2665 872 2704 sive
887 2663 983 2714 periodus

91 2724 196 2775 septantam
213 2722 293 2762 dierum
304 2735 434 2776 ‘quamquam
454 2724 476 2764 in
492 2726 535 2766 vita
551 2728 654 2767 communi
673 2727 740 2767 locum
759 2738 800 2765 non
815 2725 893 2772 habuit,
914 2725 983 2764 tamen

26 2839 27 2842 Ἴ
88 2783 144 2835 apud
160 2783 281 2836 astrologiae
297 2783 374 2835 peritos
391 2785 412 2825 in
428 2798 468 2826 usu
485 2787 533 2837 eret,
555 2788 590 2839 qui
606 2788 692 2840 singulis
708 2787 751 2827 eius
767 2786 838 2826 diebus
854 2785 944 2837 singulas
960 2799 984 2825 111

88 2846 168 2895 septem
184 2844 277 2896 sphaeris
294 2845 422 2894 caelestibus,
444 2849 557 2897 quactum
573 2851 632 2889 notae
649 2851 711 2898 erant,
727 2847 871 2899 praefecerunt.
897 2846 943 2887 Dies
958 2847 984 2886 ab

93 2905 139 2944 ortu
155 2906 204 2945 solis
215 2905 300 2946 initium
317 2907 392 2958 cepisse
403 2906 490 2948 videtur.
512 2909 538 2949 Et
554 2908 607 2950 diem
618 2909 730 2949 naturalem
746 2910 766 2948 et
781 2913 861 2948 noctem
871 2908 985 2948 naturalem

89 2965 187 3018 Aegyptii
202 2966 223 3006 in
240 2966 344 3007 duodenas
360 2968 418 3007 horas
436 2968 559 3011 dividebant.

151 3047 176 3103 2)
193 3051 222 3091 De
237 3053 355 3103 temporum
371 3055 554 3104 computandorum
570 3056 647 3096 ratione
664 3055 718 3107 apud
731 3055 894 3107 Babylonios
910 3055 986 3096 usitata

88 3111 202 3151 recentiore
223 3112 306 3153 demum
326 3115 392 3155 aetate
413 3128 436 3155 er
452 3117 558 3157 nonnullis
574 3116 740 3168 inscriptionibus
756 3115 913 3165 cuneifoamibus
935 3130 986 3168 quas
