2165 3388
129 138 179 182 ,515
414 133 460 170 Pars
472 134 495 172 IL
514 132 647 180 Antiquitates
659 133 747 181 privatae

134 263 234 312 poterant.
263 260 356 300 Conferas
373 260 434 301 ctiam
451 261 461 300 1
476 261 507 313 Eg
524 268 542 311 1,
560 268 600 311 23,
621 261 658 302 ubi
679 261 703 301 de
724 260 793 301 circuli
814 272 857 299 cnm
880 260 978 301 diametro
994 275 1027 301 ra-

134 323 190 362 tione
211 321 345 372 computanda
367 318 425 378 (381
444 329 476 372 10,
497 323 608 362 secundum
630 323 681 362 LXX
702 327 728 365 33
746 335 750 361 :
769 319 804 376 10)
826 321 899 373 agitur.
925 321 1026 362 Hebraeos

134 384 214 423 rectum
229 395 310 434 quoque
327 383 426 434 angulum
442 395 500 423 nosse
516 383 563 423 inde
580 383 648 436 colligi
664 384 738 436 potest,
760 382 815 434 quod
829 381 854 421 iis
870 381 924 422 libra
943 383 1027 434 aquaria
1070 420 1072 426 ,

132 444 189 495 ⁴haud
204 444 275 496 ignota
291 448 339 483 erat.
709 492 711 497 y

196 504 305 556 Praecipue
320 504 465 555 Babylonii
480 505 502 545 in
518 506 597 546 artibus
608 504 757 546 mathematicis
768 504 892 544 excellebant
907 506 969 555 atque
985 505 1026 544 iam

134 566 220 618 triginta
236 564 321 605 saeculis
337 579 354 605 a.
371 565 403 605 oh.
425 578 493 606 omnes
513 579 619 608 mensuras
640 567 733 606 accurato
753 567 868 621 systemate
880 565 1026 606 ordinaverant.

195 659 221 708 V,
237 658 303 702 initia
318 658 471 702 medicinae
487 662 532 703 tam
548 665 619 704 vetera
634 661 685 703 sunt
701 674 766 716 quam
782 659 891 702 universus
908 658 978 703 cultus
993 663 1026 702 at-

130 730 177 789 'que
192 731 322 776 humanitas.
348 732 458 790 Imprimis
474 733 590 792 Babylonii
610 735 635 777 ut
654 732 678 776 in
694 732 741 776 aliis
761 733 834 776 multis
850 731 975 790 disciplinis,
996 733 1027 776 ita

134 805 159 848 in
174 805 280 849 medicina
296 821 380 864 quoque
390 806 515 850 floruerunt.
536 806 607 864 Atque
623 822 714 865 magnus
731 808 800 850 exstat
810 820 912 849 numerus
928 808 1026 850 textuum

135 879 273 936 magicorum,
295 880 373 938 quibus
388 881 459 924 variae
478 880 635 924 incantationes
651 880 798 937 fcrmulaeque
813 879 973 936 superstitiosae
990 895 1026 923 ex-

129 946 242 1005 hibentur,
259 969 311 1009 quas
321 954 438 1011 Babylonii
454 953 537 1010 antiqui
554 953 580 996 ad
591 953 697 997 curandos
713 953 800 997 morbos
812 953 947 1000 adhibebant.
965 951 1026 1006 Quod

135 1028 207 1069 antem
222 1026 324 1070 nonnulli
339 1027 453 1083 scriptores
468 1027 557 1070 tradunt
573 1026 630 1083 apud
645 1026 779 1082 Babylonios
800 1027 864 1070 etiam
881 1025 946 1069 moris
961 1026 1027 1070 fuisse

136 1101 236 1156 aegrotos
250 1100 274 1142 in
289 1100 329 1143 viis
346 1100 437 1157 publicis
452 1100 537 1157 exponi,
553 1102 578 1143 ut
594 1102 729 1143 transeuntes
745 1099 886 1152 consulerent,
907 1099 959 1156 quid
975 1100 1027 1155 ipsis

135 1171 201 1214 simili
220 1172 297 1216 morbo
317 1173 397 1216 affectis
418 1173 562 1225 conduxisset,
584 1172 607 1216 id
622 1172 701 1216 falsum
717 1187 761 1216 esse
782 1187 808 1215 ex
826 1172 888 1216 novis
903 1172 1026 1230 inquisitio-

135 1245 200 1288 nibus
217 1247 310 1302 apparet.
333 1245 483 1290 Vetustissima
499 1245 645 1302 chirurgia
661 1261 746 1303 quoque
757 1245 927 1301 Babyloniorum
943 1246 1027 1290 videtur

135 1333 185 1365 esse,
211 1318 258 1362 lam
275 1319 414 1376 Hammurapi
430 1319 547 1363 mercedem
563 1318 667 1372 sectionis,
684 1335 738 1376 quae
749 1319 888 1371 successisset,
905 1318 1026 1370 constituit3

135 1390 192 1435 idem
209 1392 307 1445 decrevit,
329 1393 355 1435 ut
375 1392 469 1436 medicus
490 1395 578 1450 propter
599 1392 721 1444 sectionem,
744 1406 798 1449 quae
819 1406 865 1435 non
887 1394 1027 1443 successisset,

135 1464 253 1521 puniretur.

195 1536 252 1581 Fons
268 1538 438 1596 antiquissimus,
460 1540 517 1583 unde
539 1541 652 1583 scientiam
667 1538 785 1582 medicinae
801 1540 955 1597 Acyyplr'oram
973 1538 1027 1581 lian-

134 1611 207 1664 rimus,
227 1614 260 1655 est
275 1626 367 1669 papyrus
384 1612 454 1665 libers,
476 1627 530 1669 quae
546 1613 616 1656 medio
633 1613 723 1669 septimo
746 1612 827 1655 decimo
848 1627 866 1654 a.
884 1611 921 1656 Cli.
938 1627 958 1654 n.
980 1625 1027 1654 sae-

137 1684 186 1727 culo
207 1684 287 1741 scripta
307 1686 345 1732 est.
373 1685 471 1729 Ceterum
492 1686 517 1729 de
533 1685 690 1744 Aegyptiorum
712 1685 802 1729 scientia
821 1684 945 1737 medicinae,
968 1683 1028 1726 cuius

136 1772 172 1800 eos
187 1772 289 1814 magnam
300 1761 383 1814 partem
399 1759 548 1814 aBabyloniis
564 1761 674 1803 mutuatos
685 1773 729 1802 esse
746 1774 771 1802 ex
786 1758 931 1815 compluribus
942 1756 1028 1814 papyris

136 1831 210 1883 elucet,
232 1830 273 1874 viri
289 1830 347 1875 docti
363 1832 495 1888 discrepant;
517 1833 555 1875 uni
571 1847 618 1876 eam
634 1832 729 1884 laudant,
751 1832 812 1875 alteri
830 1831 892 1889 parvi
908 1831 1028 1876 aestimant.

137 1903 163 1946 Id
179 1910 251 1946 autem
267 1906 349 1947 certum
369 1906 401 1948 est
416 1904 545 1948 medicinam
566 1906 623 1962 apud
639 1904 758 1962 Aegyptios
779 1904 838 1948 omni
859 1906 953 1961 tempore
969 1918 1028 1947 exer-

137 1975 224 2019 citatam
241 1992 285 2020 esse
296 1979 360 2034 atque
376 1978 402 2021 ab
413 1977 440 2020 iis
456 1978 483 2021 ad
494 1976 585 2022 Graecos
596 1978 703 2031 transisse,
720 1993 812 2035 quorum
822 1977 900 2020 medici
909 1977 1029 2035 Aegyptios

139 2048 208 2093 multo
224 2052 358 2107 superarunt,
583 2041 586 2047 “
763 2058 765 2068 “
833 2038 835 2041 .

198 2122 261 2179 Apud
277 2122 385 2168 Hebraeos
405 2124 535 2168 medicinam
557 2141 569 2168 a
590 2124 639 2169 solis
660 2123 805 2168 sacerdotibus
825 2123 963 2167 exercitatam
986 2137 1030 2166 esse

137 2196 183 2238 sine
199 2196 261 2239 iustis
280 2196 349 2240 causis
364 2197 495 2249 affirmatum
517 2212 578 2255 saepe
595 2197 652 2241 enim
672 2197 696 2241 iu
717 2197 782 2240 sacris
801 2196 879 2240 litteris
900 2196 927 2239 de
942 2195 1030 2239 medicis

136 2268 215 2328 (filiai)
231 2284 300 2312 sermo
316 2274 348 2313 est
363 2285 433 2328 neque
448 2271 464 2313 ii
480 2271 599 2315 sacerdotes
614 2271 680 2314 fuisse
696 2270 797 2314 dicuntur
813 2268 860 2330 (Jer
870 2274 891 2322 8,
903 2274 937 2318 22.
953 2269 976 2312 Π
987 2268 1030 2313 Ohr

141 2346 173 2393 lb,
191 2346 224 2389 12.
241 2341 275 2386 Sir
291 2347 326 2395 38,
345 2348 407 2391 l—8.
425 2344 458 2387 illc
475 2347 494 2396 5,
512 2348 546 2392 20,
562 2344 592 2387 Lc
608 2347 627 2396 5,
644 2349 684 2396 31;
702 2348 721 2395 8,
738 2347 773 2392 43.
794 2343 832 2387 (301
848 2346 868 2394 4,
886 2347 921 2390 it.
942 2342 968 2385 cf.
984 2341 1029 2385 Jcs

136 2414 170 2458 Α]
189 2419 223 2467 11,
240 2420 259 2462 t.
271 2419 290 2463 5.
307 2415 342 2459 BJ
358 2421 377 2469 2,
394 2421 413 2464 8.
426 2418 454 2477 6),
481 2417 555 2475 Neque
570 2432 620 2461 vero
636 2416 762 2474 negandum
778 2419 809 2459 est
824 2415 944 2459 sacerdotes
961 2414 1029 2458 medi-

137 2487 196 2530 cinae
217 2488 276 2531 haud
291 2488 380 2546 ignaros
395 2489 465 2543 fuisse,
486 2490 564 2548 quippe
585 2490 622 2547 qui
642 2489 666 2532 in
686 2489 813 2547 quibusdam
833 2489 916 2532 casibus
936 2488 1030 2531 iudicare

139 2560 241 2604 deberent
257 2560 295 2621 [Ly
311 2577 328 2605 c.
346 2568 381 2610 13.
399 2568 432 2610 lc.
449 2564 479 2607 Dt
495 2568 530 2616 24,
547 2569 566 2611 8.
582 2563 616 2608 Mt
632 2568 651 2616 8,
668 2567 687 2610 4.
704 2564 734 2607 Le
752 2568 784 2614 17,
804 2562 846 2623 14).

199 2647 219 2692 l.
236 2650 294 2691 Inter
314 2652 440 2699 remedia,
465 2665 516 2702 quae
537 2652 662 2693 extrinsecus
684 2653 811 2700 adhibentur,
833 2653 855 2692 in
876 2652 939 2691 sacris
956 2652 1031 2692 litteris

136 2713 318 2751 commemorantur
334 2708 441 2766 unguenta
461 2709 576 2768 (praecipue
593 2726 616 2753 ex
632 2714 722 2753 balsamo
743 2713 779 2752 Jcr
795 2718 813 2762 8,
831 2718 869 2759 22;
887 2719 920 2761 40,
940 2720 977 2760 111
995 2719 1030 2763 51,

137 2777 156 2814 8.
178 2776 198 2811 ct
219 2773 263 2813 clec
286 2774 319 2812 les
339 2781 357 2821 l,
376 2781 394 2817 0.
417 2774 443 2813 En
460 2780 495 2824 30,
514 2781 546 2815 21.
568 2774 595 2814 Lc
614 2782 646 2822 10,
665 2780 700 2816 34.
723 2775 747 2813 cf.
769 2775 793 2815 11,
811 2774 925 2814 Schabbath
946 2779 979 2823 14,
1003 2770 1030 2829 4).

135 2833 196 2873 Ficus
217 2834 301 2874 siccatae
321 2835 423 2875 ulceribus
444 2835 515 2874 Hiskia
535 2834 588 2887 regis
608 2831 716 2887 impositae
739 2832 767 2891 (ll
782 2834 812 2887 ag
829 2841 863 2884 20,
885 2839 923 2876 ls.
944 2833 978 2874 Jes
997 2840 1030 2884 38,

132 2891 197 2949 fils.)
219 2908 242 2934 er
258 2896 387 2946 quorundam
409 2896 546 2947 interpretum
563 2895 656 2947 opinione
674 2896 793 2947 symbolum,
814 2909 855 2935 non
871 2896 983 2935 remedium
998 2895 1031 2934 fu-

136 2958 201 2998 erunt.
228 2957 297 3007 Aquas
313 2959 334 2996 et
349 2957 458 2997 medicatas
475 2958 496 2996 et
512 2956 585 2996 calidas
606 2954 725 3013 (Tiberiadis
742 2959 762 2996 et
778 2952 907 3010 callirrhoe)
929 2957 1032 3008 Josephus

135 3016 167 3055 AJ
186 3024 218 3065 17,
237 3024 255 3059 0,
273 3024 297 3065 5;
317 3023 349 3066 18,
367 3025 386 3060 2.
404 3023 423 3061 3.
446 3017 474 3057 Β]
494 3025 511 3065 1,
530 3024 563 3060 33.
581 3023 604 3066 53
628 3024 646 3065 2,
665 3024 698 3060 21.
716 3024 727 3059 6
745 3020 852 3066 memorat,
876 3017 930 3057 idem
946 3017 977 3056 AJ
997 3022 1031 3065 17,

137 3085 156 3119 0.
169 3084 187 3119 ῡ.
204 3078 234 3117 BJ
248 3086 264 3127 1,
283 3085 316 3121 33.
333 3086 343 3121 5
362 3079 386 3119 de
403 3079 480 3119 balneis
497 3078 577 3117 oleariis
594 3079 717 3119 mentionem
733 3079 787 3118 facit.
814 3078 962 3126 Remediorum,
980 3091 1031 3128 quac

135 3135 259 3179 intrinsecus
271 3139 399 3189 adhibentur,
417 3140 455 3180 etsi
467 3139 557 3179 dubitari
573 3153 614 3180 non
625 3141 698 3191 potest,
715 3140 766 3190 quin
776 3139 862 3179 Hebraei
878 3140 903 3179 iis
915 3142 1030 3187 uterentur,

136 3200 242 3239 tamenin
259 3201 321 3240 sacris
338 3201 414 3240 litteris
431 3200 507 3241 mentio
523 3211 564 3240 non
579 3200 603 3240 lit
619 3198 709 3254 (excepto
726 3200 784 3240 melle
801 3202 853 3241 Prcv
872 3207 904 3249 10,
924 3196 965 3255 24).
993 3200 1032 3239 Sed
