2218 3388
136 104 166 150 34
484 125 485 128 η
512 99 649 147 Proiegoniena

137 223 205 281 Quare
221 222 381 280 archaeolcgiae
392 237 476 280 quoque
486 224 507 266 et
516 222 617 266 instituta
628 237 694 276 sacra,
711 222 790 281 quibus
806 237 842 267 eac
858 222 959 278 rationes,
976 237 1029 281 quae

135 297 198 355 genti
213 295 278 340 alicui
298 310 346 339 cum
362 295 401 340 deo
416 295 557 349 intercedunt,
573 297 731 354 exprimuntur,
752 299 774 340 et
789 296 889 340 instituta
908 296 993 352 privata
1008 297 1029 338 et

136 370 213 424 civilia,
234 383 288 427 quae
308 368 335 412 ad
355 368 400 412 eius
419 368 444 412 in
463 368 503 412 hac
522 371 579 412 terra
594 369 662 414 vitam
678 370 796 427 pertinent,
818 368 956 413 describenda
972 372 1029 414 sunt.

137 443 179 497 Qui
198 443 266 502 igitur
286 440 457 498 archaeologiam
472 441 574 485 biblicam
589 442 758 486 adumbratorus
773 444 811 495 est,
832 458 880 486 eum
897 442 924 486 ad
940 443 1029 501 antiqua

136 515 208 575 gentis
224 531 236 558 a
252 515 290 558 deo
311 514 389 558 electae
408 513 507 558 instituta
527 530 599 572 sacro,
612 517 712 572 privato,
729 514 801 560 cicilia
821 516 923 572 respicere
944 530 1029 560 necesse

136 592 174 637 est,
206 589 275 643 Quare
291 603 344 645 opus
359 589 459 632 nostrum
473 587 498 630 in
512 590 555 631 tres
576 590 646 646 partes
663 587 831 645 dispertivimus,
852 603 943 646 quarum
958 589 1029 646 prima

136 663 162 706 de
173 660 399 720 antiquitatibus
413 660 506 715 sacris,
522 661 614 705 secunda
625 661 650 705 de
665 660 891 717 antiquitatibus
902 663 1028 718 privatis,

135 737 200 781 tertia
219 736 244 780 de
265 734 490 785 antiquitatibus
510 734 644 779 civilibus
665 735 719 792 agit.
751 732 823 793 Atque
844 750 892 779 cum
912 751 965 794 gens
985 738 1028 781 He-

135 811 207 854 braica
223 824 261 867 per
275 808 434 867 legislationem
445 807 558 852 Mosaicam
572 808 703 866 reipublicae
719 808 813 851 formam
823 809 940 865 susceperit
955 811 976 853 et
991 824 1029 867 per

137 883 245 928 excidium
262 898 274 925 a
289 882 393 925 Romanis
408 880 493 925 illatum
509 896 553 925 esse
569 881 660 935 desierit,
680 881 788 938 expositio
804 896 875 925 rerum
891 882 1029 940 antiquarum

136 957 282 1001 Hebraeorum
303 955 328 999 iis
348 954 445 999 terminis
465 955 658 999 circumscribenda
674 954 721 1002 erit.
754 954 824 1008 Quare
843 970 912 1013 neque
933 955 1028 1013 antiqui-

136 1031 198 1083 tates,
219 1044 272 1085 quas
291 1027 466 1085 „patriarchales“
484 1030 567 1087 vocant,
588 1043 657 1086 neque
678 1027 733 1072 ritus
754 1027 885 1072 Jndaeorum
905 1030 1029 1073 recentioris

137 1103 213 1148 aetatis
229 1117 253 1146 eo
269 1101 385 1158 pertinent,
405 1100 448 1144 nisi
463 1100 513 1158 quid
529 1115 555 1144 ex
570 1101 597 1145 iis
612 1101 681 1158 repeti
696 1102 775 1158 potest,
796 1117 838 1158 quo
860 1103 898 1145 aut
918 1103 1029 1159 sequentia

137 1179 175 1220 aut
195 1175 318 1233 antiquiora
338 1176 435 1231 tempora
450 1173 595 1230 explanentur.
626 1173 699 1217 liores
714 1189 765 1218 vero
781 1173 923 1232 institutaque
939 1174 1028 1219 aliarum

137 1248 237 1309 gentium
252 1247 340 1292 orientis
356 1246 445 1304 antiqui,
466 1262 513 1290 cum
529 1246 630 1291 Hebraeis
646 1247 730 1290 multae
746 1246 799 1291 tales
815 1261 847 1291 res
863 1262 912 1292 cum
928 1248 1028 1306 gentibus

136 1322 297 1381 propinquitate
313 1320 339 1363 iis
355 1319 473 1364 coniunctis
493 1334 616 1363 communes
632 1319 682 1372 sint,
704 1319 848 1376 comparanda
863 1322 920 1374 sunt,
941 1320 977 1365 sed
992 1322 1028 1374 ita,

137 1401 161 1440 ut
181 1395 264 1440 formae
284 1397 305 1438 et
325 1392 425 1437 notiones
444 1392 471 1436 iis
491 1408 600 1450 expressae
620 1392 738 1451 diligenter
759 1392 925 1452 distinguantur,
951 1396 976 1438 ut
996 1409 1028 1438 res

136 1469 232 1513 eiusdem
247 1467 331 1526 generis
347 1467 374 1510 ab
389 1466 422 1520 iis,
439 1481 492 1524 quae
507 1467 586 1510 similes
597 1481 641 1510 esse
653 1468 742 1510 tantum
752 1466 858 1520 videntur,
874 1467 1028 1514 discernantur.

198 1542 230 1585 De
246 1541 309 1585 rebus
325 1543 396 1584 autem
411 1539 528 1584 tractandis
543 1540 562 1583 si
577 1541 617 1584 rite
633 1554 697 1597 agere
713 1539 819 1593 volmnus,
834 1540 898 1584 nobis
913 1556 926 1583 a
941 1556 1028 1597 persua-

137 1615 197 1659 sione
217 1600 486 1658 rerelationemdivinam
505 1614 569 1657 sacris
588 1612 668 1657 litteris
689 1612 797 1656 contineri
817 1612 944 1657 ordiendum
960 1614 1029 1657 estet

137 1688 196 1732 varia
207 1687 307 1731 instituta
318 1686 412 1730 Mosaica
422 1686 456 1729 dei
471 1686 570 1730 instituta
585 1686 648 1730 nobis
665 1685 805 1743 agnoscenda
820 1687 877 1739 sunt,
893 1687 936 1743 qui,
953 1702 1027 1744 quam-

138 1776 203 1819 quam
219 1760 285 1804 etiarn
301 1759 374 1803 ceteris
390 1758 490 1816 gentibus
504 1773 640 1817 nequaqnam
656 1773 678 1801 se
695 1759 816 1812 occultavit,
832 1762 906 1803 tamen
921 1753 1028 1803 Hebraeos

137 1851 163 1878 ex
180 1833 282 1878 omnibus
302 1822 402 1889 gentibus
422 1834 490 1875 terrae
511 1831 581 1889 elegit,
601 1833 626 1874 ut
641 1845 716 1874 reram
736 1830 865 1887 religionem
881 1835 905 1874 ut
921 1832 1028 1889 pretiosis-

137 1907 214 1951 simam
230 1904 369 1949 hereditatem
385 1906 534 1948 conservarent
551 1919 615 1962 usque
631 1903 659 1947 ad
674 1918 723 1947 eam
739 1905 836 1957 aetatem,
853 1919 895 1961 qua
911 1904 938 1948 ad
949 1907 1028 1949 ceteras

137 1982 213 2040 gentes
229 1977 368 2036 propaganda
383 1979 443 2020 esset
476 1976 514 2020 Oui
528 1977 649 2027 sententiae
665 1993 690 2021 ea
706 1977 815 2021 contraria
830 1980 868 2029 est,
885 1992 938 2035 quae
954 1978 1028 2036 singu-

137 2054 188 2098 laris
204 2051 318 2111 dignitatis
334 2051 405 2109 gentis
420 2051 534 2094 Hebraicae
549 2051 655 2094 rationem
671 2065 718 2094 non
733 2049 810 2102 habet3
829 2051 901 2108 ipsum
917 2050 1029 2094 discrimen

137 2124 194 2173 inter
214 2124 343 2182 religionem
361 2123 476 2167 revelatam
495 2123 572 2167 veteris
591 2123 718 2167 testamenti
734 2126 756 2166 et
771 2123 887 2180 religiones
908 2123 1028 2181 gentilium,

138 2215 191 2258 quae
213 2213 299 2243 ornnem
315 2196 359 2240 vim
375 2195 470 2239 divinam
489 2196 513 2239 in
532 2199 610 2240 natura
630 2211 703 2240 rerum
719 2196 783 2240 sitam
799 2211 843 2239 esse
859 2195 941 2250 docem,
964 2197 1028 2249 delet3

137 2273 238 2316 instituta
253 2268 382 2314 theocratiae
398 2268 513 2327 quidquam
528 2269 640 2326 proprium
655 2283 708 2326 prae
724 2283 747 2311 se
762 2268 817 2313 ferre
832 2272 942 2327 propterea
957 2273 1028 2327 negat,

137 2345 195 2403 quod
211 2360 236 2388 ea
251 2359 277 2387 ex
292 2341 469 2400 praedicamentis
488 2342 630 2386 rationalismi
651 2342 755 2386 abstracti
771 2345 793 2386 et
808 2342 938 2399 pantheismi
958 2343 1028 2400 philo-

137 2418 221 2477 sophici
236 2416 331 2474 profecta
343 2423 391 2458 ‘esse
407 2415 503 2473 intellegi
518 2432 564 2460 non
580 2417 658 2472 potest.

198 2515 282 2558 Ratio
299 2528 323 2557 ac
337 2514 386 2567 via,
402 2529 444 2571 qua
454 2530 486 2558 res
496 2514 522 2559 ad
533 2514 706 2571 archaeologiam
718 2513 820 2557 biblicam
830 2514 962 2571 pertinentes
972 2517 1028 2558 trac-

137 2589 215 2644 tandae
230 2589 287 2639 sunt,
304 2587 345 2631 alia
361 2602 405 2631 esse
420 2602 465 2631 non
479 2590 548 2645 potest
563 2588 607 2632 nisi
622 2587 732 2644 historica.
759 2586 829 2644 Atque
841 2602 889 2630 cum
899 2587 924 2631 in
939 2588 1029 2633 historia

137 2662 209 2721 gentis
222 2661 338 2705 Hebraicae
353 2662 396 2704 tres
411 2661 445 2705 vel
460 2663 560 2718 quattuor
576 2663 655 2705 aetates
672 2663 729 2704 certe
745 2660 850 2717 distingui
865 2661 955 2717 possim,
965 2662 1029 2706 Ι1111111

137 2735 233 2779 alienum
252 2749 297 2777 esse
313 2733 397 2777 videtur
412 2733 449 2792 qui
464 2735 528 2778 fuerit
543 2738 611 2779 status
627 2736 649 2778 et
664 2734 777 2792 religionis
793 2736 815 2776 et
830 2734 938 2778 societatis
955 2736 1029 2779 unius-

138 2810 240 2866 cuiusque
260 2822 333 2851 earum
352 2801 445 2850 aetatum
461 2823 572 2864 exponere.
604 2806 658 2860 Quia
674 2810 747 2851 autem
763 2809 794 2851 ita
809 2808 830 2850 et
845 2807 982 2864 repetitiones
998 2810 1029 2853 vi-

137 2882 217 2925 tandae
232 2882 269 2925 rix
288 2882 340 2924 sunt
358 2895 427 2938 neque
445 2881 559 2938 unicuique
578 2881 644 2925 aetati
660 2880 714 2923 satis
730 2895 810 2937 magna
825 2880 915 2924 materia
930 2882 1023 2939 suppetit

137 2955 194 2999 unde
210 2968 280 2998 mores
295 2954 437 3010 institutaque
447 2954 590 2997 Hebraeorum
601 2954 658 2997 clare
669 2953 823 3006 describantur,
839 2968 898 2997 nunc
908 2969 949 2997 usu
959 2969 1029 3011 recep-

137 3032 185 3072 tum
201 3031 233 3071 est
248 3027 349 3071 materias
364 3027 487 3070 tractandas
502 3027 533 3070 ita
549 3027 650 3086 digerere,⁴
666 3029 692 3071 ut
706 3027 808 3083 cuiusque
823 3030 976 3084 argumentum
991 3031 1029 3081 est,

131 3102 162 3144 in
178 3117 220 3159 qua
236 3100 340 3145 divisione
356 3100 457 3144 historiae
472 3115 558 3157 prorsus
573 3101 627 3145 ratio
644 3100 721 3144 haberi
735 3102 813 3157 potest.
