2107 3321
336 88 405 126 Forma
418 90 478 135 atque
491 84 563 124 indoles
575 86 639 124 cultus
651 86 729 123 Moesici
950 91 977 134 41

86 221 159 280 plures
175 214 276 260 notiones
292 213 319 255 ad
335 211 462 269 religionem
477 212 598 267 spectantes
614 213 635 254 et
650 209 731 253 formae
748 210 823 263 cultus,
841 208 918 265 quibus
933 225 979 253 non

87 292 200 351 opiniones
220 286 351 344 religionum
372 283 493 342 gentilium,
515 282 551 326 sed
571 282 681 326 universae
699 282 810 341 religionis
829 282 926 340 propriae
943 298 979 326 ex-

87 366 217 425 primuntur,
237 361 261 404 in
277 358 376 402 doctrina
396 359 418 400 et
438 356 498 399 cultu
517 354 628 414 religionis
649 357 725 400 veteris
744 356 868 400 testamenti
888 356 981 400 inveniri

88 442 179 498 possunt
189 438 211 479 et
221 448 244 477 re
254 448 305 477 vera
315 431 460 475 inveniuntur.
488 428 549 482 Quod
565 443 623 472 nunc
640 429 765 487 diligentius
781 428 932 487 exponendum
943 432 980 475 est.

150 526 170 565 Si
188 525 233 577 ipsa
252 521 349 562 revelatio
369 520 438 560 divina
453 543 484 548 -
499 518 520 558 id
541 519 596 569 quod
615 520 640 558 ab
661 519 754 558 omnibus
775 519 893 559 conceditur
910 541 938 547 -
954 519 980 558 iis

86 586 224 642 opinionibus,
243 596 295 635 qnae
310 583 335 622 de
351 581 451 633 religione
466 580 508 619 iem
524 582 609 628 exstant,
625 580 658 619 nti
673 592 746 631 easque
762 580 867 620 emendare
884 592 906 619 ac
922 581 980 620 novis

89 647 195 691 sententiis
214 645 299 697 implere
315 645 337 683 in
356 643 475 682 universnm
491 640 531 681 dici
551 642 624 692 potest,
641 640 663 679 id
678 640 700 679 in
716 653 745 688 ea,
766 653 818 692 quae
834 641 859 680 ad
875 643 981 681 externum

89 712 168 751 cultum
185 706 279 747 divinum
298 704 408 756 pertinent,
429 701 495 754 magis
512 702 611 753 quadrare
632 701 726 752 equidem
746 704 801 752 puto,
821 701 911 754 primum
927 702 981 753 quod

89 771 179 811 homines
200 768 275 807 formas
296 766 364 805 cultus
385 776 426 803 usa
446 764 534 803 sacratas
555 763 640 802 maxime
660 762 754 812 retinent,
777 761 850 802 deinde
871 763 925 814 qnod
946 776 981 803 eae

87 831 141 872 nihil
161 828 218 869 aliud
238 826 354 879 significant
374 825 415 865 nisi
435 823 527 864 homines
548 837 572 863 ex
592 823 695 875 superiore
710 822 731 862 vi
749 823 861 874 dependere
882 826 902 865 et
922 824 981 866 novis

90 889 246 944 cogitationibus
261 887 354 927 imbutae
369 898 432 926 novae
448 884 542 936 religioni
556 885 610 940 idem
625 885 730 936 praestant
746 884 800 935 quod
816 883 920 936 pristinae.

151 1008 174 1064 1)
191 1006 293 1050 Notionis
308 1003 419 1062 roligionis
429 1002 534 1047 revelatae
545 1005 577 1046 est
588 1002 651 1046 deum
660 1001 785 1045 hominibus
796 1002 827 1046 ita
837 1018 859 1046 se
870 1002 981 1059 aperuisse,

87 1087 115 1128 ut
132 1080 236 1139 quaedam
246 1093 296 1123 vera
313 1093 359 1121 cum
374 1078 401 1121 iis
414 1076 583 1120 communicaret
598 1077 620 1119 et
633 1075 736 1133 quaedam
751 1078 864 1132 praecepta
879 1077 905 1120 iis
916 1075 981 1121 daret.

90 1154 228 1200 Revelatione
248 1152 316 1210 igitur
331 1150 430 1194 homines
445 1149 469 1193 in
485 1149 593 1207 aliquibus
608 1149 671 1192 rebus
687 1148 766 1192 erudiri
781 1148 814 1192 vel
829 1149 982 1194 revelationem

91 1227 173 1286 aliquid
192 1226 246 1270 novi
265 1225 377 1268 continere
396 1237 481 1267 necesse
498 1225 535 1275 est,
557 1221 615 1280 quod
630 1222 657 1264 ad
672 1221 800 1278 religionem
816 1237 926 1280 moresque
941 1223 982 1266 ho-

90 1303 175 1346 minum
190 1299 327 1344 vehementer
342 1297 455 1354 pertineat.
481 1296 556 1353 Neque
572 1310 622 1339 vero
639 1310 686 1338 earn
702 1295 783 1352 aliquid
798 1310 885 1351 prorsus
901 1310 982 1339 novum

91 1375 200 1418 continere
221 1373 316 1428 oportet;
336 1385 387 1413 nam
412 1369 494 1428 ,gratia
512 1384 559 1413 non
575 1368 670 1421 destruit,
691 1367 727 1412 sed
743 1368 845 1425 supponit
862 1370 981 1412 naturaml.

88 1446 130 1490 Vel
145 1461 179 1490 res
194 1443 374 1501 supernaturales,
390 1457 444 1500 quas
455 1441 506 1485 cleas
522 1441 630 1498 patefacit,
646 1456 672 1484 err
688 1441 855 1498 cognitionibus,
873 1457 925 1499 quas
941 1442 983 1485 sibi

88 1519 188 1563 homines
204 1531 243 1560 suo
259 1516 348 1574 ingenio
364 1516 407 1559 iarn
420 1516 552 1572 pepererunt,
568 1515 625 1558 necti
636 1516 731 1572 possunt.
758 1514 900 1558 lllultifariam
911 1518 982 1559 autern
1025 1504 1028 1512 ⁵

91 1591 191 1636 revelatio
205 1590 279 1634 divina
294 1604 340 1633 non
356 1604 389 1632 res
405 1588 576 1646 supernaturales
592 1588 694 1642 continet,
711 1587 748 1631 sed
763 1587 833 1631 solum
849 1587 983 1645 cognitiones

90 1664 200 1709 naturales
221 1663 340 1709 confirmat.
372 1662 447 1719 Neque
463 1662 581 1718 praeceptis
596 1661 725 1705 revelatione
741 1660 865 1704 hominibus
882 1661 907 1704 de
923 1661 983 1705 cultu

91 1738 146 1781 datis
162 1751 244 1793 semper
259 1751 345 1793 prorsus
361 1751 418 1779 nova
434 1738 456 1779 et
471 1735 541 1779 adhuc
556 1736 632 1794 ignota
640 1736 790 1787 instituuntur,
806 1735 843 1778 sed
854 1736 918 1778 etiam
929 1736 983 1779 ritas

87 1811 134 1854 ianr
146 1810 218 1853 usitati
228 1809 295 1865 recipi
305 1810 402 1866 possunt,
418 1808 456 1866 qui
466 1822 515 1851 cum
530 1809 555 1851 in
570 1808 698 1866 religionem
713 1809 830 1852 revelatam
845 1808 982 1865 recipiuntur,

91 1897 147 1927 novo
163 1883 252 1940 ingenio
268 1884 290 1926 et
305 1882 384 1926 maiore
400 1882 422 1926 vi
438 1881 561 1938 implentur.

151 1955 264 2001 Praeterea
284 1955 329 1999 eius
349 1956 381 1999 rei
401 1955 458 2000 ratio
479 1954 577 1999 habenda
593 1957 625 1999 est
640 1970 668 1999 ne
684 1956 708 1999 in
723 1955 816 1999 revelata
832 1955 918 2013 quidem
933 1956 983 2000 reli-

89 2029 156 2086 gione
176 2029 250 2073 omnia
266 2045 279 2072 a
295 2029 334 2073 deo
355 2028 401 2086 ipso
423 2028 540 2073 constituta
560 2029 605 2073 sint
624 2043 708 2073 necesse
729 2043 778 2073 esse.
810 2029 867 2072 Nam
882 2030 983 2073 revelatio

92 2102 170 2154 divina,
191 2101 231 2145 etsi
250 2101 418 2146 tundamentum
434 2103 466 2146 est
481 2101 531 2145 talis
552 2102 669 2160 religionis,
691 2105 765 2146 tamen
781 2104 802 2145 et
818 2102 920 2159 dogmata
935 2103 984 2146 reli-

91 2174 163 2233 gionis
179 2177 200 2219 et
216 2175 285 2218 cultus
302 2174 366 2218 etiam
383 2178 447 2231 opera
463 2174 546 2233 ingenii
561 2175 652 2219 humani
668 2174 738 2219 excoli
753 2177 845 2232 possunt
860 2178 924 2233 atque
940 2174 983 2219 suf-

91 2247 142 2300 ficit,
158 2250 183 2291 ut
194 2247 245 2291 deus
256 2247 371 2291 hominurn
382 2263 469 2305 operam
480 2248 604 2306 gubernans
615 2248 731 2305 provideat,
748 2251 773 2292 ut
783 2248 884 2293 revelatio
900 2248 984 2306 integra

91 2323 113 2364 et
128 2336 183 2378 pura
198 2323 328 2377 permaneat.
356 2319 465 2378 Quidquid
481 2323 552 2364 autem
568 2321 675 2365 humanae
691 2323 723 2365 est
738 2321 833 2378 originis,
849 2336 874 2363 ea
887 2323 985 2378 tempora

88 2408 183 2451 quoque,
199 2394 224 2436 in
240 2394 319 2451 quibus
334 2394 400 2438 homo
416 2395 477 2445 vivit,
493 2394 608 2438 manifesto
625 2395 724 2439 ostendit.

152 2466 211 2510 lllud
226 2481 312 2524 quoque
332 2467 489 2523 respiciendum
510 2469 542 2510 est
558 2468 595 2514 deo
615 2467 704 2512 minime
724 2467 839 2525 indignum
860 2482 910 2519 esse,
931 2482 985 2525 qnae

91 2538 181 2597 ingenio
202 2539 299 2583 humano
320 2540 396 2583 effecta
417 2541 467 2593 sint,
487 2540 511 2584 in
531 2541 659 2599 religionem
678 2556 690 2584 a
711 2556 732 2584 se
752 2540 867 2584 revelatam
887 2540 985 2597 recipere.
1024 2593 1025 2597 Ἰ

92 2612 162 2655 immo
178 2628 228 2656 vero
244 2613 269 2655 in
285 2626 309 2655 eo
325 2628 409 2658 summa
426 2613 459 2657 dei
479 2614 585 2671 sapientia
605 2614 742 2672 agnoscenda
762 2615 798 2657 est.
831 2613 887 2656 Nam
907 2616 932 2656 ut
952 2628 985 2657 res

91 2686 264 2742 supernaturales
280 2686 307 2728 ab
322 2685 448 2730 hominibus
464 2687 545 2745 aliquid
560 2687 721 2744 intellegantur,
737 2702 821 2730 necesse
837 2689 868 2730 est
884 2686 947 2729 deum
963 2702 985 2730 se

92 2757 217 2802 hominibus
234 2758 327 2816 quodam
343 2759 407 2803 modo
423 2760 592 2813 riccommedare,
614 2776 662 2804 cum
678 2761 779 2804 revelatio
794 2760 827 2813 iis,
844 2774 898 2816 quae
914 2759 985 2803 bomi-

91 2830 157 2874 nibus
172 2830 216 2874 ianr
231 2836 285 2875 nota
301 2832 351 2883 sint,
368 2832 478 2890 adiungat.

154 2902 235 2956 Quodsi
254 2904 382 2962 religionem
402 2906 479 2950 veteris
501 2907 625 2951 testamenti
646 2910 770 2964 spectamus,
793 2906 816 2949 in
836 2905 898 2949 libris
920 2907 985 2951 sacris

91 2976 162 3019 multa
178 2976 203 3019 de
219 2992 243 3020 ea
264 2977 291 3020 ad
310 2977 462 3022 revelationem
485 2979 581 3024 divinam
600 2980 727 3032 referuntur,
748 2993 802 3037 quae
821 2978 878 3022 nihil
898 2995 986 3037 prorsus

92 3064 174 3093 novum
195 3051 314 3097 continent.
347 3050 409 3103 Quod
429 3052 463 3096 vel
484 3052 508 3096 in
529 3068 575 3096 eam
599 3053 719 3096 doctrinam
741 3051 852 3109 religionis
874 3052 985 3105 lllosaicae,

89 3136 147 3177 »quae
164 3123 242 3166 summi
258 3125 290 3166 est
305 3125 415 3176 momenti,
431 3126 621 3179 monotlreisnnrm,
637 3125 743 3172 convenit,
770 3124 828 3178 Quae
843 3125 946 3180 doctrina,
962 3129 987 3170 ut
