2165 3388
111 113 156 156 662
392 107 438 143 Pars
451 107 474 145 11.
493 107 623 154 Antiquitates
635 108 723 155 privatae
774 134 780 146 .

109 235 129 277 J.
146 235 171 274 N.
188 235 327 287 Strcssracr'cr,
345 236 365 275 J.
382 235 468 286 Epyicy,
484 235 506 273 F.
523 234 548 275 X.
565 235 640 288 chler
656 235 842 287 investigaverunt,
859 234 937 286 aliquid
954 237 1004 276 certi

110 296 247 349 cognovimus.
274 296 380 348 Babylonii
401 298 422 335 et
442 296 495 336 diem
517 298 536 335 et
556 297 637 336 noctem
659 297 680 336 111
701 299 771 337 ternas
791 298 859 347 partes
879 296 1005 347 dividebant,

110 370 197 409 quarum
213 357 304 409 singulas
319 358 342 397 in
357 370 465 408 sexagenas
481 370 588 410 earumque
605 358 696 410 singulas
713 357 780 397 denuo
797 357 819 396 in
835 368 943 408 sexagenas
959 371 1005 409 par-

109 420 140 458 tes
156 419 193 458 etc.
210 418 373 459 subdividebant.
395 419 452 458 Diem
468 419 492 457 ab
509 419 555 469 ortu
571 419 625 468 solis,
641 432 717 458 annmn
738 430 812 458 avere
828 417 894 458 exorsi
915 431 957 458 esse
973 419 1004 458 si-

110 479 191 519 dentur.
212 481 284 520 Annus
301 487 343 520 erat
352 478 431 519 lunaris
448 479 484 519 soli
496 479 662 529 accommodatus,
678 478 786 519 duodecim
796 491 876 519 menses
892 480 1004 519 1111111111-

110 541 210 581 tricentm
227 541 260 580 vel
269 540 370 580 tricenum
381 540 459 580 dierum
471 540 579 584 continens.
597 541 630 581 Ad
640 540 803 581 intercalandum
813 553 903 580 mensem
919 540 1004 580 tertium

110 601 210 641 decimum
226 601 333 655 Babylonii
350 602 405 653 cyclo
422 601 515 641 undecim
527 616 626 643 annorum
643 603 684 642 sive
701 603 785 642 eentum
801 601 888 652 triginta
904 613 937 640 sex
947 615 1005 641 meu-

110 662 163 702 sium
184 662 301 712 utebantur,
317 663 376 702 inter
396 675 447 713 quos
468 665 564 715 quattuor
584 675 664 702 menses
684 662 816 702 intercalares
837 664 900 701 erant.
927 662 952 702 In
967 662 1004 702 hoc

109 724 175 775 igitur
195 723 250 775 cyclo
268 724 417 775 componuntur
437 724 524 764 trieteris
546 724 586 765 sive
607 723 674 775 cyclus
695 723 759 762 trium
776 736 878 763 annorum
900 736 946 763 cum
961 736 1003 763 unc

110 797 179 824 mense
194 784 311 824 intercalari
327 787 347 824 et
363 785 466 825 octaeteris
482 784 523 825 sice
539 786 606 837 cyclus
622 786 666 824 octo
683 798 784 824 annorum
800 797 847 824 cum
862 784 930 823 tribus
946 798 1003 824 men-

111 845 166 885 sibus
183 846 343 885 intercalaribus.
369 845 426 886 Unde
437 848 520 898 apparet
536 849 556 886 et
566 845 689 886 trieteridem
707 850 728 885 et
739 845 883 885 octaeteridem
899 846 941 884 iam
956 847 1003 885 ante

111 906 232 946 Graecorum
244 908 331 946 aetatem
347 907 402 958 apud
412 906 534 958 Babylonios
550 909 608 947 notas
619 906 681 946 tuisse
698 918 774 957 eosque
791 919 814 945 ex
825 908 912 958 utraque
923 906 1005 957 cyclum

110 967 203 1008 undecim
220 964 241 1023 (3
260 966 287 1020 -Ι-
305 964 327 1023 8)
348 981 446 1007 annorum
467 980 512 1007 oum
528 970 624 1020 quattuor
645 963 664 1023 (l
685 966 712 1019 -1-
731 964 753 1021 3)
775 967 879 1007 mensibus
895 967 1003 1006 intercala-

110 1028 167 1068 ribus
183 1028 324 1079 composuisse,
342 1043 402 1081 quem
418 1030 486 1079 postea
501 1028 555 1079 apud
572 1029 656 1069 Graecos
668 1030 738 1069 lletcn
754 1028 849 1068 excoluit.
872 1028 964 1068 Ceterum
980 1041 1003 1068 er

110 1088 276 1141 inquisitionibus
291 1090 436 1129 recentioribus
452 1091 528 1144 constat
544 1090 668 1142 temporibus
679 1089 823 1129 Arsacidarum
840 1091 861 1129 et
871 1088 1006 1140 parobabiliter

111 1151 173 1190 etiam
189 1150 338 1190 Seleucidarum
359 1151 438 1202 cyclum
453 1150 581 1203 undeviginti
596 1164 696 1190 annorum
717 1149 772 1202 aliud
787 1151 910 1200 Babylonios
930 1149 952 1189 in
967 1162 1005 1189 usu

111 1212 177 1251 fuisse.
203 1211 278 1251 Mensis
293 1212 358 1262 prima
373 1212 422 1251 lima
438 1213 543 1263 apparente
563 1211 646 1253 initiiun
661 1211 720 1263 cepit,
742 1211 797 1263 quod
813 1225 875 1263 qrram
890 1211 1004 1263 diligentis-

111 1272 161 1312 sime
172 1273 333 1323 computabatur.
349 1272 483 1312 Hebdomadis
495 1272 537 1312 sive
547 1273 625 1324 periodi
635 1273 742 1324 septenum
754 1272 832 1311 dierum
848 1272 929 1312 nullum
940 1274 1005 1311 exstat

110 1331 225 1385 vestigium.
251 1334 304 1372 llam
319 1333 431 1384 Babylonii,
447 1346 567 1385 quamquam
583 1347 672 1374 mensem
692 1333 722 1372 ita
737 1334 760 1373 in
776 1333 875 1384 qriattuor
891 1335 957 1384 partes
974 1332 1004 1371 di-

111 1394 181 1435 visisse
202 1394 304 1441 videntur,
327 1397 351 1434 ut
372 1394 415 1434 dies
435 1394 538 1445 septimus,
561 1397 648 1445 quartus
669 1394 767 1444 decimus,
790 1394 898 1434 vicesimus
920 1394 1003 1445 primus,

111 1455 291 1495 duodetricesimus
314 1469 326 1494 a
347 1456 418 1495 ceteris
441 1456 510 1495 diebus
531 1456 653 1507 quibusdam
674 1455 790 1495 interdictis
811 1454 951 1506 singularibus
973 1455 1003 1493 di-

111 1516 181 1556 stincti
196 1517 269 1564 essent,
289 1519 358 1556 tamen
372 1516 397 1555 iis
414 1515 485 1556 diebus
501 1516 525 1556 ad
542 1530 631 1556 mensem
648 1516 782 1556 dividendum
798 1516 830 1556 uti
846 1529 888 1556 non
904 1514 1002 1567 cogitate·

110 1578 165 1627 runt,
181 1577 301 1628 praesertim
317 1590 363 1616 eum
380 1577 423 1617 dies
440 1577 618 1618 duodetricesimus
634 1577 654 1617 in
671 1590 741 1617 mense
757 1577 899 1629 undetriginta
920 1577 1004 1616 1111111-

111 1638 169 1690 ginta
190 1638 267 1678 dicrum
289 1638 334 1678 finis
350 1638 480 1678 hebdomadis
499 1651 541 1678 esse
562 1651 603 1678 non
623 1640 698 1690 posset.
725 1638 749 1677 ln
766 1638 856 1677 textibus
874 1638 1004 1688 Cappadocus

111 1698 207 1751 periodus
229 1698 319 1751 quinque
339 1699 417 1738 dierum
438 1696 547 1753 (dorstadae)
568 1699 743 1739 commemoratur.
770 1699 836 1738 Etiam
858 1699 880 1737 in
901 1699 1005 1738 nonnullis

111 1760 201 1799 testibus
223 1760 363 1800 astronomicis
378 1761 536 1812 Babyloniorum
556 1761 581 1800 de
602 1761 701 1800 divisione
717 1759 794 1799 mensis
817 1759 894 1807 inser,
917 1759 941 1799 de
957 1761 1005 1799 anni

110 1822 132 1861 iu
148 1822 280 1872 septuaginta
295 1821 345 1860 duos
361 1823 429 1871 partes
446 1822 530 1873 quinum
547 1822 625 1861 dierum
641 1820 718 1861 mentio
734 1821 764 1864 fit,

171 1940 196 1996 3)
213 1943 305 1982 crocci
322 1942 375 1982 diem
391 1943 416 1982 ab
432 1956 502 1983 occasu
518 1944 566 1983 solis
583 1943 623 1983 orsi
639 1955 682 1983 esse
699 1942 802 1982 videntur.
825 1942 948 1982 Divisionem
965 1942 1004 1982 diei

110 2004 131 2044 in
148 2003 254 2044 duodecim
269 1999 330 2044 horas
347 2018 358 2042 a
375 2004 488 2055 babyloniis
504 2006 630 2056 acceperunt.
656 2004 771 2043 Hebdomas
789 2003 831 2043 sive
847 2003 942 2055 periodus
959 2016 1003 2055 sep·

110 2067 181 2104 tenum
202 2065 281 2104 dierum
301 2064 419 2116 astrologiae
440 2065 510 2115 peritis
531 2065 616 2105 fortasse
637 2066 661 2104 ab
678 2064 786 2117 Aegyptiis
802 2065 900 2111 innotuit,
924 2065 946 2104 in
962 2065 1007 2104 cita

110 2128 178 2165 autem
194 2127 297 2167 communi
313 2126 357 2165 sola
372 2126 466 2177 periodus
487 2126 561 2166 denum
577 2126 657 2166 dierum
677 2125 700 2165 in
720 2138 762 2165 usu
777 2128 826 2165 erat.
854 2127 930 2165 Menses
946 2129 1003 2165 erant

111 2187 222 2236 duodecim,
239 2199 273 2226 sex
289 2186 448 2235 undetricensim,
464 2199 497 2225 ser
513 2188 613 2227 tricenum
630 2187 714 2229 dierum,
736 2188 808 2226 Annus
824 2187 890 2238 igitur
906 2188 948 2226 erat
961 2193 1003 2229 354

111 2248 190 2287 dierum
206 2248 247 2288 sive
263 2260 328 2287 aniius
339 2248 423 2296 lunaris,
439 2247 473 2287 sed
489 2247 525 2287 soli
536 2248 702 2295 accommodatus,
719 2248 796 2299 quippe
813 2248 849 2298 qui
859 2260 927 2287 mense
943 2247 1004 2287 tertio

111 2309 187 2348 decimo
204 2308 246 2348 suis
261 2309 387 2358 temporibus
402 2308 519 2348 intercalato
542 2309 566 2348 ad
582 2310 645 2348 solem
661 2309 777 2348 referretur.
805 2308 859 2355 [111111
876 2308 1004 2348 intercalatio

111 2372 177 2410 aetate
194 2369 272 2409 Solonis
293 2367 398 2409 trieteride
414 2369 483 2418 tiebat,
505 2384 552 2409 narn
569 2382 615 2409 cunr
631 2382 696 2409 annus
713 2369 792 2409 lunaris
814 2370 895 2409 circiter
911 2370 1004 2409 undecim

111 2431 182 2470 diebus
204 2430 265 2471 solari
285 2430 366 2471 brevior
386 2432 442 2478 esset,
464 2432 523 2470 tertio
545 2444 626 2482 quoque
648 2444 700 2469 anno
716 2430 793 2470 mensis
810 2430 928 2472 addebatur.
955 2431 1005 2469 Cum

110 2493 179 2531 autem
199 2505 222 2531 ea
239 2492 367 2531 intercalatio
387 2491 441 2531 iusto
461 2492 527 2531 minor
543 2498 603 2539 esset,
625 2493 749 2532 Cleostratus
770 2492 823 2531 circa
838 2505 915 2530 annum
937 2505 953 2530 a.
971 2492 1003 2531 Cb.

110 2566 129 2592 n.
148 2559 189 2595 536
207 2553 307 2598 octaeride
323 2552 361 2592 on
378 2552 448 2602 coepit.
475 2553 522 2591 Cum
538 2553 602 2605 igitur
623 2554 683 2592 rantes
698 2553 760 2591 tertio
784 2566 865 2604 quoque
881 2565 934 2591 anno
950 2565 1004 2591 imus

110 2614 185 2652 mensis
206 2614 239 2653 rel
254 2613 412 2653 intranocencs
433 2626 495 2652 annos
511 2614 565 2653 terni
584 2627 663 2654 menses
679 2614 857 2665 intercalarentur,
879 2613 1004 2653 Cleostratus

109 2674 166 2714 intra
182 2677 264 2715 octonos
280 2687 343 2714 annos
359 2675 427 2714 ternos
442 2686 518 2714 menses
532 2675 676 2723 intercalabnt3
693 2675 742 2713 anni
754 2674 882 2714 intercalares
899 2674 943 2713 eius
955 2675 1005 2725 cycli

110 2737 155 2775 octo
176 2749 275 2775 annorum
296 2737 354 2774 erant
374 2748 439 2775 annus
459 2735 537 2782 tertius,
560 2736 652 2785 quintus,
676 2737 766 2775 octavus.
794 2735 869 2775 Verum
890 2748 942 2775 anno
960 2740 1001 2776 4:32

110 2797 179 2836 Meton
194 2796 325 2836 Atheniensis
341 2796 494 2836 celeberrimum
514 2796 571 2835 illum
589 2796 667 2848 cyclum
685 2797 753 2836 decern
774 2798 795 2835 et
815 2807 888 2836 novem
905 2809 1004 2836 annorum

78 2905 80 2909 f
110 2857 206 2906 instituit,
224 2857 259 2908 qui
275 2858 361 2897 lletonis
377 2859 466 2898 vocatur.
487 2856 524 2903 [1111
540 2857 607 2908 cyclus
625 2863 667 2899 235
685 2869 766 2896 menses
778 2857 900 2905 continebat,
917 2870 1003 2908 quorum

113 2925 154 2963 110
172 2920 230 2958 erant
247 2919 290 2957 cavi
306 2919 347 2958 sive
360 2924 386 2960 29
405 2918 487 2967 dierum,
507 2924 546 2960 125
564 2919 619 2969 pleni
636 2919 678 2959 sive
690 2925 717 2960 30
736 2918 822 2959 dierum.
844 2918 874 2957 Er
890 2918 920 2957 liis
936 2918 1004 2957 decern

49 2989 50 2993 ’
110 2981 130 3019 et
146 2992 220 3019 novem
241 2979 299 3018 annis
321 2982 379 3019 erant
399 2979 503 3019 duodecim
525 2981 572 3019 anni
593 2972 837 3019 concinnes'cuodooim
860 2980 961 3019 mensium
985 2982 1009 3019 et

111 3047 188 3092 septem
210 3040 258 3079 cinni
278 3040 407 3080 intercalares
428 3040 523 3079 tredecim
539 3041 640 3080 mensium
661 3038 736 3094 (aniius
754 3046 773 3081 3.
792 3047 810 3082 5.
830 3046 848 3083 11,
868 3048 900 3083 11.
921 3046 952 3082 13,
973 3047 1005 3082 lt.

112 3099 155 3157 19).
181 3102 253 3152 laque
269 3102 336 3151 cyclus
353 3101 437 3141 lletonis
453 3100 504 3140 nihil
521 3101 575 3140 aliud
591 3103 622 3140 est
638 3102 677 3140 nisi
694 3101 809 3141 accuratior
820 3102 945 3153 computatio
962 3102 1007 3141 eius

110 3163 167 3214 cycli,
185 3175 224 3214 quo
240 3163 281 3201 iam
296 3162 403 3215 Babylonii
418 3163 450 3201 usi
467 3163 530 3202 erant.
