2165 3388
76 102 124 147 574
358 97 404 134 Pars
417 98 441 134 11.
461 99 592 146 Antiquitates
605 98 692 147 privatae

79 237 128 265 rum
149 236 197 264 cum
213 236 249 277 spe
266 222 325 263 ortus
341 221 429 265 messiae
450 237 475 265 ex
491 222 536 266 eius
551 222 633 265 familia
648 222 801 282 coniunctam),
822 237 877 279 quae
896 221 972 279 magni

80 294 233 338 aestimabatur
252 292 295 354 (Gn
308 308 328 337 c.
340 295 394 355 Ι21);
416 295 507 353 denique
522 296 633 340 fruebatur
653 296 745 353 quadam
765 294 871 353 dignitate
886 296 971 353 praeter

76 368 173 425 reliquos
188 368 264 411 fratres
280 367 325 427 (Gn
341 371 478 421 21123127,
491 374 530 421 233
546 374 581 422 49,
593 370 615 430 3)
626 374 640 422 3,
657 386 669 412 a
684 368 761 427 quibus
774 368 877 425 peculiari
887 367 970 412 honore

76 441 196 488 colebatur.
213 437 275 484 'nine
296 442 453 499 primogenitus
474 446 520 487 erat
540 444 604 487 etiam
625 457 732 486 successor
752 442 775 485 in
791 456 858 500 regno
879 441 910 502 (Il
927 441 970 486 Chr

81 519 116 567 21,
133 518 153 562 3.
170 514 195 557 cf.
211 514 233 558 11
249 514 284 570 Rg
300 519 335 568 23,
352 515 413 575 3434·
441 515 473 559 Er
490 517 567 574 quibus
582 517 646 573 patet,
668 531 705 559 cur
725 516 854 560 vocabulum
878 516 970 572 ,primo-

76 588 179 646 genitus‘
198 588 307 631 interdum
322 589 454 646 singularem
470 590 598 648 dignitatem
613 590 646 633 vel
661 589 689 643 id,
706 589 764 647 quod
779 590 803 632 in
814 589 886 646 aliqua
901 604 923 632 re
939 590 972 631 est

81 660 289 714 excellentissimum,
312 661 343 705 ita
363 664 388 706 ut
408 662 453 706 vim
469 663 593 720 superlativi
613 662 697 715 habeat,
719 662 832 720 significet.
859 661 924 705 Velut
939 661 971 704 Ex

76 738 101 788 -4,
119 738 148 782 22
169 733 238 778 Jahve
259 735 348 778 fatetur:
374 735 453 788 ,Filius
475 752 541 789 meus,
563 735 719 794 primogenitus
741 750 800 798 meus
822 735 869 796 (est)
890 734 968 778 Isi-aen

82 808 96 850 i.
111 824 128 855 e.
144 823 197 866 gens
213 811 297 864 praeter
313 810 392 852 ceteras
412 809 466 852 mihi
484 825 538 863 cara,
558 809 665 853 beneficiis
686 809 765 853 divinis
781 808 874 852 maxime
890 809 971 851 ornata.

80 881 160 925 Eadem
183 881 208 925 de
230 896 293 925 causa
319 882 347 925 Ps
370 887 404 934 89,
428 887 457 930 28
479 883 549 927 David
578 883 747 941 ,primogenitus
769 889 856 941 regum“
887 881 971 927 dicitur.

78 953 178 998 Christus
199 969 284 1012 quoque
299 962 430 1015 πρωτότοκος
446 957 467 1003 ἐν
483 962 569 1008 πολλοῖς
585 957 682 1017 ἀδελφοῖς
703 955 767 1016 (Rom
783 960 802 1008 8,
819 953 863 1015 29),
880 992 885 1002 ,
902 988 926 998 ..
948 956 972 1001 ἐν.

77 1040 119 1074 aar
136 1040 211 1088 reaper
228 1027 275 1088 (ool
292 1031 311 1081 1,
329 1033 363 1076 18.
380 1030 426 1085 Ape
443 1033 462 1082 1,
479 1029 508 1089 5),
577 1037 645 1090 πάσης
660 1035 744 1081 κτίσεως
760 1027 806 1086 (Col
823 1033 843 1082 1,
861 1027 903 1087 15),
920 1027 971 1071 sim-

80 1101 165 1157 pliciter
180 1109 310 1161 uparo'acnor
327 1102 393 1162 (Hebr
410 1107 429 1154 1,
447 1103 469 1163 d)
485 1104 578 1146 vocatur.

146 1216 154 1242 1
170 1214 231 1255 Velut
246 1214 431 1267 primogenituram
447 1216 471 1255 ab
487 1215 541 1256 Esau
557 1216 582 1256 ad
597 1216 659 1255 Jacob
680 1216 775 1256 tralatam
790 1228 833 1256 esse
849 1229 872 1255 er
889 1215 920 1255 (111
937 1222 971 1265 25,

78 1282 183 1324 .31-34;
205 1281 238 1324 27,
257 1280 345 1318 ‘at—40
367 1277 498 1317 manifestum
517 1279 552 1316 est.
579 1277 690 1327 hltnben,
712 1277 748 1328 qui
764 1276 826 1317 Jacob
847 1276 972 1328 patriarchae

81 1337 230 1390 primogenitus
250 1339 325 1377 natura
345 1340 394 1385 erat,
417 1339 464 1377 iura
484 1339 595 1389 primorum
615 1338 716 1379 natalium
739 1338 764 1378 ad
784 1337 838 1378 Juda
860 1340 881 1377 et
897 1337 972 1388 Joseph

81 1399 156 1438 tralata
176 1400 225 1438 sunt
246 1395 286 1454 (Gn
302 1403 337 1446 49,
355 1404 400 1441 ass.
418 1405 479 1440 22ss.
496 1398 506 1438 Ι
522 1399 560 1438 our
578 1405 596 1447 5,
615 1396 664 1455 11.).
692 1400 744 1439 Sunt
764 1399 824 1438 etiam
846 1398 882 1450 qui
902 1397 972 1439 eristi-

77 1462 138 1499 ment
158 1460 183 1499 ab
199 1462 255 1499 Aran
276 1472 357 1511 quoque
377 1459 559 1511 primogenituram
580 1461 605 1499 ad
626 1460 702 1500 Abram
722 1460 816 1500 tralatam
836 1472 884 1499 esse.
911 1459 972 1499 Velut
1025 1463 1026 1467 ’

81 1521 262 1573 Augustinus,
286 1520 322 1570 qui
345 1518 435 1576 (Quaest.
457 1521 478 1560 in
499 1521 631 1572 Heptateuoh.
655 1529 672 1571 1,
695 1527 729 1569 25,
753 1527 770 1562 2.
793 1521 843 1560 nst
863 1526 897 1567 34,
920 1517 971 1574 553)

82 1583 150 1622 censet
165 1582 242 1621 Abram
257 1594 299 1621 non
315 1582 340 1620 cb
357 1584 414 1621 ortus
430 1582 527 1629 ordinem,
544 1582 579 1621 sed
595 1583 620 1622 ob
636 1582 717 1622 futurae
729 1582 857 1622 excellentiae
873 1584 893 1621 et
905 1580 972 1633 digni-

76 1643 130 1682 tatis
146 1642 313 1694 significationem
329 1642 428 1683 fratribus
444 1643 581 1694 antepositum
597 1656 645 1686 esse.

145 1716 154 1742 2
170 1717 248 1768 Duplex
268 1716 304 1756 illa
324 1716 443 1757 hereditatis
465 1729 511 1767 pars
532 1716 640 1767 dupliciter
659 1717 775 1768 explicatur.
803 1715 886 1762 auidam
903 1715 972 1755 eristi·

82 1779 140 1817 mant
160 1777 202 1817 lilio
218 1777 304 1817 marimo
325 1791 390 1817 unum
412 1776 519 1817 dimidium
539 1777 603 1817 totius
623 1774 740 1817 hereditatis
756 1777 863 1825 addictum,
884 1777 972 1816 alterum

82 1838 136 1878 inter
152 1839 228 1879 ceteros
244 1838 317 1877 fratres
333 1837 446 1889 aequaliter
462 1838 549 1878 divisum
566 1851 614 1879 esse.
641 1839 715 1879 Contra
735 1838 815 1878 rabbini
835 1837 972 1889 primogenito

77 1899 144 1951 duplo
161 1900 257 1939 maiorem
274 1913 335 1950 quam
352 1898 424 1939 ceteris
439 1898 537 1938 iratribus
553 1900 631 1951 partem
648 1899 770 1940 adiudicant.

145 1973 153 1999 3
170 1972 229 2023 Apud
253 1971 303 2011 alias
325 1970 406 2023 quoque
426 1974 496 2023 gentes
517 1973 567 2012 natu
582 1973 668 2013 maximo
684 1973 747 2013 maior
769 1972 867 2023 quaedam
883 1971 971 2023 dignitas

82 2034 150 2073 inesse
166 2033 291 2082 credebatur,
308 2034 366 2072 velut
381 2034 435 2083 apud
452 2033 550 2073 Moabitas
567 2030 599 2089 (cf.
615 2034 625 2072 1
641 2034 671 2086 ng
688 2041 706 2082 3,
725 2027 779 2087 27).v

145 2108 155 2133 4
170 2108 252 2146 Praeter
266 2106 316 2156 iura,
333 2120 385 2158 quae
401 2106 568 2156 enumeravimus,
585 2107 679 2158 magistri
693 2106 817 2146 audaeana
833 2105 972 2157 primogenitis

77 2170 103 2207 ¹et
119 2168 156 2207 boc
167 2167 290 2215 attribuunt,
308 2170 332 2207 ut
348 2167 372 2207 ab
384 2166 530 2218 antiquissimis
541 2168 668 2218 temporibus
683 2169 705 2207 in
716 2167 802 2220 singulis
817 2167 898 2207 familiis
908 2167 972 2207 officio

83 2228 203 2268 sacerdotali
218 2228 284 2269 functi
300 2229 347 2268 sint.
374 2229 402 2267 De
418 2241 494 2279 quare
511 2241 572 2279 supra
587 2243 607 2280 p.
625 2235 742 2272 rto—143
759 2229 842 2280 egimus.

143 2335 177 2380 Il.
189 2334 267 2377 Primis
278 2333 411 2391 temporibus
422 2333 479 2376 solae
489 2336 567 2377 matres
578 2334 662 2377 filiabus
673 2337 758 2391 partum
769 2333 881 2377 edentibus
892 2333 971 2377 auxilio

78 2410 155 2458 erant;
178 2407 204 2450 ad
220 2407 364 2450 difficiliorem
379 2410 466 2463 partum
481 2409 559 2450 matres
574 2407 686 2464 peritiores
702 2410 724 2450 et
739 2407 900 2464 perspicaciores
910 2421 973 2450 vcca-

82 2479 169 2528 bantur,
195 2481 273 2524 Postea
289 2484 398 2523 obstetrices
418 2470 512 2539 (1111111),
529 2494 619 2536 quarum
635 2481 669 2524 Gn
685 2483 721 2532 35,
738 2485 775 2532 17,
792 2484 827 2532 38,
844 2483 879 2527 28.
905 2479 937 2522 le
954 2485 972 2532 1,

84 2557 171 2601 15-21
188 2553 258 2610 prima
270 2554 350 2596 mentio
361 2553 392 2604 fit,
408 2551 515 2609 puerperis
531 2552 649 2596 subsidium
659 2553 758 2597 ferebant
768 2558 781 2596 ¹.
798 2552 852 2596 (lum
863 2553 973 2596 doloribus

82 2642 197 2684 puerperae
212 2625 330 2684 prophetae
346 2624 405 2668 haud
420 2640 467 2668 raro
479 2630 603 2682 comparant
619 2628 699 2669 statum
710 2626 785 2682 populi
796 2641 876 2684 magna
887 2625 973 2669 calami-

83 2703 127 2743 tate
137 2700 209 2757 pressi,
226 2715 268 2757 qua
283 2714 305 2743 se
315 2699 406 2742 liberare
421 2713 466 2741 non
477 2700 552 2755 potest,
568 2701 592 2742 ut
602 2713 706 2756 puerpera
716 2699 808 2751 intirma,
825 2714 879 2757 quae
890 2699 973 2742 dolores

79 2773 169 2831 quidem
180 2773 251 2826 sentit,
262 2772 299 2816 sed
309 2786 383 2829 parere
394 2773 470 2828 nequit
481 2770 527 2830 [des
538 2776 573 2825 23,
586 2777 619 2821 17.
631 2777 757 2825 terrase
768 2776 803 2825 50,
810 2774 845 2819 13.
857 2771 885 2815 Ps
896 2775 932 2825 18,
944 2772 973 2832 7).

144 2847 214 2891 Natus
230 2846 309 2897 infans,
325 2845 421 2902 praeciso
437 2844 533 2888 funiculo
550 2846 647 2890 umbilici
664 2845 717 2906 (111),
739 2845 856 2898 lavabatur,
877 2845 920 2888 sale
935 2844 973 2888 fri-

78 2921 176 2973 cabatur,
192 2920 264 2964 fasciis
281 2910 354 2980 1111111)
370 2917 519 2961 involvebatur
536 2917 572 2978 (111
591 2924 623 2973 16,
635 2924 654 2967 4.
671 2915 714 2963 deb
731 2923 766 2972 38,
777 2919 805 2979 9).
827 2918 901 2962 Aetate
917 2918 973 2962 anti-

83 2994 158 3052 quiore
178 3004 238 3051 pater
261 3008 334 3037 recens
350 2994 426 3034 natum
446 2991 470 3034 in
486 2990 557 3034 sinum
572 3007 635 3035 suum
650 2993 772 3049 recipiebat,
793 3007 835 3050 qno
851 2991 895 3035 ritu
911 3006 973 3035 suum

78 3082 127 3111 esse
143 3067 264 3111 declarabat
280 3065 323 3126 (Gn
339 3068 374 3118 50,
391 3068 425 3112 23,
442 3064 470 3107 Ps
480 3068 516 3118 22,
534 3068 568 3112 11.
585 3065 627 3109 Job
640 3071 659 3119 3,
677 3069 722 3126 12),
738 3064 875 3123 quodetiam
890 3079 973 3117 uxores,

79 3156 137 3198 ⁴quae
153 3140 210 3184 filios
226 3139 354 3183 ancillarum
374 3152 460 3181 suarum
477 3137 614 3195 adoptabant,
634 3138 776 3183 imitabantur
797 3137 839 3199 (Gn
856 3142 890 3191 30,
907 3142 926 3186 3.
948 3138 974 3181 cf.
