<?xml version="1.0" encoding="UTF-8"?>
<!DOCTYPE html PUBLIC "-//W3C//DTD XHTML 1.0 Transitional//EN"
    "http://www.w3.org/TR/xhtml1/DTD/xhtml1-transitional.dtd">
<html xmlns="http://www.w3.org/1999/xhtml" xml:lang="en" lang="en">
 <head>
  <title>
</title>
<meta http-equiv="Content-Type" content="text/html;charset=utf-8" />
  <meta name='ocr-system' content='tesseract 3.04.00' />
  <meta name='ocr-capabilities' content='ocr_page ocr_carea ocr_par ocr_line ocrx_word'/>
</head>
<body>
  <div class='ocr_page' id='page_1' title='image "./MN42078ucmf_3_0096.png"; bbox 0 0 2218 3388; ppageno 0'>
   <div class='ocr_carea' id='block_1_1' title="bbox 137 115 741 164">
    <p class='ocr_par' dir='ltr' id='par_1_1' title="bbox 137 115 741 164">
     <span class='ocr_line' id='line_1_1' title="bbox 137 115 741 164; baseline -0.002 -12"><span class='ocrx_word' id='word_1_1' title='bbox 137 121 168 164; x_wconf 64' lang='lat'>152</span> <span class='ocrx_word' id='word_1_2' title='bbox 435 115 481 152; x_wconf 85' lang='lat' dir='ltr'>Pars</span> <span class='ocrx_word' id='word_1_3' title='bbox 494 116 508 152; x_wconf 90' lang='lat' dir='ltr'>l.</span> <span class='ocrx_word' id='word_1_4' title='bbox 530 115 661 162; x_wconf 83' lang='lat' dir='ltr'>Antiquitates</span> <span class='ocrx_word' id='word_1_5' title='bbox 677 125 741 152; x_wconf 89' lang='lat' dir='ltr'>sacrae</span> 
     </span>
    </p>
   </div>
   <div class='ocr_carea' id='block_1_2' title="bbox 138 237 1033 444">
    <p class='ocr_par' dir='ltr' id='par_1_2' title="bbox 138 237 1033 444">
     <span class='ocr_line' id='line_1_2' title="bbox 140 237 1033 296; baseline -0.001 -15"><span class='ocrx_word' id='word_1_6' title='bbox 140 238 241 296; x_wconf 88' lang='lat' dir='ltr'>antiquas</span> <span class='ocrx_word' id='word_1_7' title='bbox 256 238 374 283; x_wconf 83' lang='lat' dir='ltr'>lavationes</span> <span class='ocrx_word' id='word_1_8' title='bbox 394 239 484 282; x_wconf 87' lang='lat' dir='ltr'>usitatas</span> <span class='ocrx_word' id='word_1_9' title='bbox 505 238 574 292; x_wconf 83' lang='lat' dir='ltr'>fuisse,</span> <span class='ocrx_word' id='word_1_10' title='bbox 595 239 720 296; x_wconf 81' lang='lat' dir='ltr'>priusquam</span> <span class='ocrx_word' id='word_1_11' title='bbox 736 252 770 281; x_wconf 84' lang='lat' dir='ltr'>res</span> <span class='ocrx_word' id='word_1_12' title='bbox 786 252 855 281; x_wconf 88' lang='lat' dir='ltr'>sacras</span> <span class='ocrx_word' id='word_1_13' title='bbox 870 237 970 280; x_wconf 85' lang='lat' dir='ltr'>facerent.</span> <span class='ocrx_word' id='word_1_14' title='bbox 1003 237 1033 280; x_wconf 81' lang='lat' dir='ltr'>Ar</span> 
     </span>
     <span class='ocr_line' id='line_1_3' title="bbox 139 310 1032 364; baseline 0 -10"><span class='ocrx_word' id='word_1_15' title='bbox 139 311 189 355; x_wconf 89' lang='lat' dir='ltr'>inde</span> <span class='ocrx_word' id='word_1_16' title='bbox 204 311 227 355; x_wconf 88' lang='lat' dir='ltr'>id</span> <span class='ocrx_word' id='word_1_17' title='bbox 242 327 309 355; x_wconf 88' lang='lat' dir='ltr'>unum</span> <span class='ocrx_word' id='word_1_18' title='bbox 321 311 413 356; x_wconf 83' lang='lat' dir='ltr'>efficitur</span> <span class='ocrx_word' id='word_1_19' title='bbox 428 313 453 355; x_wconf 91' lang='lat' dir='ltr'>in</span> <span class='ocrx_word' id='word_1_20' title='bbox 469 312 567 356; x_wconf 89' lang='lat' dir='ltr'>omnium</span> <span class='ocrx_word' id='word_1_21' title='bbox 582 328 623 356; x_wconf 89' lang='lat' dir='ltr'>usu</span> <span class='ocrx_word' id='word_1_22' title='bbox 639 313 710 364; x_wconf 83' lang='lat' dir='ltr'>fuisse,</span> <span class='ocrx_word' id='word_1_23' title='bbox 727 313 776 355; x_wconf 87' lang='lat' dir='ltr'>ante</span> <span class='ocrx_word' id='word_1_24' title='bbox 792 326 862 355; x_wconf 89' lang='lat' dir='ltr'>sacras</span> <span class='ocrx_word' id='word_1_25' title='bbox 873 310 968 354; x_wconf 87' lang='lat' dir='ltr'>actiones</span> <span class='ocrx_word' id='word_1_26' title='bbox 984 326 1032 354; x_wconf 91' lang='lat' dir='ltr'>cor-</span> 
     </span>
     <span class='ocr_line' id='line_1_4' title="bbox 138 383 1033 444; baseline -0.002 -16"><span class='ocrx_word' id='word_1_27' title='bbox 138 402 186 443; x_wconf 90' lang='lat' dir='ltr'>pus,</span> <span class='ocrx_word' id='word_1_28' title='bbox 202 385 308 443; x_wconf 81' lang='lat' dir='ltr'>imprimis</span> <span class='ocrx_word' id='word_1_29' title='bbox 324 400 401 429; x_wconf 86' lang='lat' dir='ltr'>manus</span> <span class='ocrx_word' id='word_1_30' title='bbox 416 400 514 444; x_wconf 83' lang='lat' dir='ltr'>purgare,</span> <span class='ocrx_word' id='word_1_31' title='bbox 530 401 577 429; x_wconf 88' lang='lat' dir='ltr'>non</span> <span class='ocrx_word' id='word_1_32' title='bbox 592 385 687 429; x_wconf 79' lang='lat' dir='ltr'>efficitur</span> <span class='ocrx_word' id='word_1_33' title='bbox 697 385 772 428; x_wconf 80' lang='lat' dir='ltr'>Mosen</span> <span class='ocrx_word' id='word_1_34' title='bbox 783 386 921 441; x_wconf 68' lang='lat' dir='ltr'>praecepium</span> <span class='ocrx_word' id='word_1_35' title='bbox 936 383 1033 436; x_wconf 80' lang='lat' dir='ltr'>illudat</span> 
     </span>
    </p>
   </div>
   <div class='ocr_carea' id='block_1_3' title="bbox 136 458 1108 590">
    <p class='ocr_par' dir='ltr' id='par_1_3' title="bbox 136 458 1108 590">
     <span class='ocr_line' id='line_1_5' title="bbox 136 458 1108 521; baseline -0.001 -19"><span class='ocrx_word' id='word_1_36' title='bbox 136 459 259 503; x_wconf 70' lang='lat' dir='ltr'>sacerdotes</span> <span class='ocrx_word' id='word_1_37' title='bbox 275 473 351 502; x_wconf 88' lang='lat' dir='ltr'>manus</span> <span class='ocrx_word' id='word_1_38' title='bbox 368 461 389 502; x_wconf 89' lang='lat' dir='ltr'>et</span> <span class='ocrx_word' id='word_1_39' title='bbox 399 458 463 515; x_wconf 88' lang='lat' dir='ltr'>pedes</span> <span class='ocrx_word' id='word_1_40' title='bbox 478 459 582 512; x_wconf 86' lang='lat' dir='ltr'>lavarent,</span> <span class='ocrx_word' id='word_1_41' title='bbox 597 459 720 516; x_wconf 78' lang='lat' dir='ltr'>priusquam</span> <span class='ocrx_word' id='word_1_42' title='bbox 732 473 765 501; x_wconf 87' lang='lat' dir='ltr'>res</span> <span class='ocrx_word' id='word_1_43' title='bbox 781 472 850 501; x_wconf 85' lang='lat' dir='ltr'>sacras</span> <span class='ocrx_word' id='word_1_44' title='bbox 860 460 993 515; x_wconf 68' lang='lat' dir='ltr'>peragerent,</span> <span class='ocrx_word' id='word_1_45' title='bbox 1006 473 1032 501; x_wconf 81' lang='lat' dir='ltr'>ex</span> <span class='ocrx_word' id='word_1_46' title='bbox 1106 499 1108 521; x_wconf 58' lang='lat' dir='ltr'>a</span> 
     </span>
     <span class='ocr_line' id='line_1_6' title="bbox 139 521 1106 590; baseline -0.002 -14"><span class='ocrx_word' id='word_1_47' title='bbox 139 532 258 590; x_wconf 82' lang='lat' dir='ltr'>gentilibus</span> <span class='ocrx_word' id='word_1_48' title='bbox 274 531 381 589; x_wconf 83' lang='lat' dir='ltr'>recepisse.</span> <span class='ocrx_word' id='word_1_49' title='bbox 411 531 583 590; x_wconf 85' lang='lat' dir='ltr'>ldpraeceptnm</span> <span class='ocrx_word' id='word_1_50' title='bbox 598 531 654 589; x_wconf 91' lang='lat' dir='ltr'>apud</span> <span class='ocrx_word' id='word_1_51' title='bbox 670 535 745 590; x_wconf 78' lang='lat' dir='ltr'>gentes</span> <span class='ocrx_word' id='word_1_52' title='bbox 761 531 861 589; x_wconf 86' lang='lat' dir='ltr'>antiquas</span> <span class='ocrx_word' id='word_1_53' title='bbox 876 546 983 588; x_wconf 77' lang='lat' dir='ltr'>nusquam</span> <span class='ocrx_word' id='word_1_54' title='bbox 999 546 1032 575; x_wconf 89' lang='lat' dir='ltr'>re·</span> <span class='ocrx_word' id='word_1_55' title='bbox 1105 521 1106 568; x_wconf 74' lang='lat' dir='ltr'>l</span> 
     </span>
    </p>
   </div>
   <div class='ocr_carea' id='block_1_4' title="bbox 135 604 1033 1175">
    <p class='ocr_par' dir='ltr' id='par_1_4' title="bbox 135 604 1033 1175">
     <span class='ocr_line' id='line_1_7' title="bbox 139 604 1033 663; baseline -0.001 -14"><span class='ocrx_word' id='word_1_56' title='bbox 139 606 227 662; x_wconf 81' lang='lat' dir='ltr'>peritur.</span> <span class='ocrx_word' id='word_1_57' title='bbox 258 605 289 649; x_wconf 78' lang='lat' dir='ltr'>Eo</span> <span class='ocrx_word' id='word_1_58' title='bbox 306 608 378 649; x_wconf 89' lang='lat' dir='ltr'>autem</span> <span class='ocrx_word' id='word_1_59' title='bbox 399 608 449 649; x_wconf 90' lang='lat' dir='ltr'>ante</span> <span class='ocrx_word' id='word_1_60' title='bbox 471 606 545 650; x_wconf 87' lang='lat' dir='ltr'>oculos</span> <span class='ocrx_word' id='word_1_61' title='bbox 561 605 690 663; x_wconf 87' lang='lat' dir='ltr'>proponitur</span> <span class='ocrx_word' id='word_1_62' title='bbox 707 606 780 662; x_wconf 89' lang='lat' dir='ltr'>opinio</span> <span class='ocrx_word' id='word_1_63' title='bbox 803 605 840 648; x_wconf 89' lang='lat' dir='ltr'>illa</span> <span class='ocrx_word' id='word_1_64' title='bbox 856 604 1033 648; x_wconf 87' lang='lat' dir='ltr'>sanctificationis</span> 
     </span>
     <span class='ocr_line' id='line_1_8' title="bbox 139 677 1031 737; baseline -0.002 -14"><span class='ocrx_word' id='word_1_65' title='bbox 139 682 160 723; x_wconf 91' lang='lat' dir='ltr'>et</span> <span class='ocrx_word' id='word_1_66' title='bbox 176 678 303 732; x_wconf 85' lang='lat' dir='ltr'>sanctitatis,</span> <span class='ocrx_word' id='word_1_67' title='bbox 326 695 368 737; x_wconf 89' lang='lat' dir='ltr'>qua</span> <span class='ocrx_word' id='word_1_68' title='bbox 384 679 455 723; x_wconf 89' lang='lat' dir='ltr'>cultus</span> <span class='ocrx_word' id='word_1_69' title='bbox 471 679 578 723; x_wconf 86' lang='lat' dir='ltr'>llosaicus</span> <span class='ocrx_word' id='word_1_70' title='bbox 600 679 731 731; x_wconf 84' lang='lat' dir='ltr'>continetur,</span> <span class='ocrx_word' id='word_1_71' title='bbox 754 693 803 722; x_wconf 87' lang='lat' dir='ltr'>cnm</span> <span class='ocrx_word' id='word_1_72' title='bbox 823 678 890 722; x_wconf 88' lang='lat' dir='ltr'>cultui</span> <span class='ocrx_word' id='word_1_73' title='bbox 911 677 1031 736; x_wconf 83' lang='lat' dir='ltr'>gentilium,</span> 
     </span>
     <span class='ocr_line' id='line_1_9' title="bbox 137 750 1032 810; baseline -0.002 -13"><span class='ocrx_word' id='word_1_74' title='bbox 137 768 189 797; x_wconf 88' lang='lat' dir='ltr'>cum</span> <span class='ocrx_word' id='word_1_75' title='bbox 205 767 280 797; x_wconf 91' lang='lat' dir='ltr'>eorum</span> <span class='ocrx_word' id='word_1_76' title='bbox 295 751 370 810; x_wconf 80' lang='lat' dir='ltr'>religio</span> <span class='ocrx_word' id='word_1_77' title='bbox 388 752 414 796; x_wconf 92' lang='lat' dir='ltr'>ad</span> <span class='ocrx_word' id='word_1_78' title='bbox 430 752 486 796; x_wconf 89' lang='lat' dir='ltr'>solas</span> <span class='ocrx_word' id='word_1_79' title='bbox 501 767 534 796; x_wconf 86' lang='lat' dir='ltr'>res</span> <span class='ocrx_word' id='word_1_80' title='bbox 544 753 654 796; x_wconf 89' lang='lat' dir='ltr'>naturales</span> <span class='ocrx_word' id='word_1_81' title='bbox 664 752 777 810; x_wconf 89' lang='lat' dir='ltr'>pertineat,</span> <span class='ocrx_word' id='word_1_82' title='bbox 793 766 881 808; x_wconf 89' lang='lat' dir='ltr'>prorsus</span> <span class='ocrx_word' id='word_1_83' title='bbox 892 750 951 796; x_wconf 87' lang='lat' dir='ltr'>desit.</span> <span class='ocrx_word' id='word_1_84' title='bbox 974 750 1032 804; x_wconf 71' lang='lat' dir='ltr'>Quae</span> 
     </span>
     <span class='ocr_line' id='line_1_10' title="bbox 139 824 1032 882; baseline -0.001 -14"><span class='ocrx_word' id='word_1_85' title='bbox 139 825 201 868; x_wconf 89' lang='lat' dir='ltr'>labra</span> <span class='ocrx_word' id='word_1_86' title='bbox 215 824 239 868; x_wconf 90' lang='lat' dir='ltr'>in</span> <span class='ocrx_word' id='word_1_87' title='bbox 254 824 341 881; x_wconf 85' lang='lat' dir='ltr'>templis</span> <span class='ocrx_word' id='word_1_88' title='bbox 357 824 472 882; x_wconf 74' lang='lat' dir='ltr'>gentilium</span> <span class='ocrx_word' id='word_1_89' title='bbox 487 824 520 868; x_wconf 89' lang='lat' dir='ltr'>vel</span> <span class='ocrx_word' id='word_1_90' title='bbox 537 827 587 868; x_wconf 88' lang='lat' dir='ltr'>ante</span> <span class='ocrx_word' id='word_1_91' title='bbox 602 824 683 880; x_wconf 89' lang='lat' dir='ltr'>templa</span> <span class='ocrx_word' id='word_1_92' title='bbox 699 827 766 878; x_wconf 87' lang='lat' dir='ltr'>erant,</span> <span class='ocrx_word' id='word_1_93' title='bbox 787 839 811 867; x_wconf 89' lang='lat' dir='ltr'>ea</span> <span class='ocrx_word' id='word_1_94' title='bbox 826 839 872 868; x_wconf 93' lang='lat' dir='ltr'>non</span> <span class='ocrx_word' id='word_1_95' title='bbox 888 824 1032 869; x_wconf 84' lang='lat' dir='ltr'>sacerdotibus</span> 
     </span>
     <span class='ocr_line' id='line_1_11' title="bbox 136 897 1032 956; baseline 0 -14"><span class='ocrx_word' id='word_1_96' title='bbox 136 898 167 942; x_wconf 88' lang='lat' dir='ltr'>ad</span> <span class='ocrx_word' id='word_1_97' title='bbox 182 898 303 942; x_wconf 85' lang='lat' dir='ltr'>lavationes</span> <span class='ocrx_word' id='word_1_98' title='bbox 314 899 441 950; x_wconf 85' lang='lat' dir='ltr'>serviebant,</span> <span class='ocrx_word' id='word_1_99' title='bbox 457 897 494 941; x_wconf 89' lang='lat' dir='ltr'>sed</span> <span class='ocrx_word' id='word_1_100' title='bbox 510 912 534 942; x_wconf 90' lang='lat' dir='ltr'>eo</span> <span class='ocrx_word' id='word_1_101' title='bbox 546 898 678 954; x_wconf 86' lang='lat' dir='ltr'>spectabant,</span> <span class='ocrx_word' id='word_1_102' title='bbox 694 900 720 941; x_wconf 92' lang='lat' dir='ltr'>ut</span> <span class='ocrx_word' id='word_1_103' title='bbox 735 897 833 941; x_wconf 86' lang='lat' dir='ltr'>doctrina</span> <span class='ocrx_word' id='word_1_104' title='bbox 849 898 886 941; x_wconf 88' lang='lat' dir='ltr'>illa</span> <span class='ocrx_word' id='word_1_105' title='bbox 901 898 1032 956; x_wconf 79' lang='lat' dir='ltr'>religionum</span> 
     </span>
     <span class='ocr_line' id='line_1_12' title="bbox 138 970 1032 1029; baseline 0 -14"><span class='ocrx_word' id='word_1_106' title='bbox 138 972 278 1024; x_wconf 74' lang='lat' dir='ltr'>naturalium,</span> <span class='ocrx_word' id='word_1_107' title='bbox 294 970 399 1014; x_wconf 90' lang='lat' dir='ltr'>mundum</span> <span class='ocrx_word' id='word_1_108' title='bbox 415 986 441 1014; x_wconf 81' lang='lat' dir='ltr'>ex</span> <span class='ocrx_word' id='word_1_109' title='bbox 457 986 512 1029; x_wconf 86' lang='lat' dir='ltr'>aqna</span> <span class='ocrx_word' id='word_1_110' title='bbox 527 974 604 1014; x_wconf 87' lang='lat' dir='ltr'>natum</span> <span class='ocrx_word' id='word_1_111' title='bbox 620 986 669 1020; x_wconf 85' lang='lat' dir='ltr'>esse,</span> <span class='ocrx_word' id='word_1_112' title='bbox 686 970 848 1028; x_wconf 77' lang='lat' dir='ltr'>significaretur.</span> <span class='ocrx_word' id='word_1_113' title='bbox 876 970 973 1015; x_wconf 76' lang='lat' dir='ltr'>ceterum</span> <span class='ocrx_word' id='word_1_114' title='bbox 984 985 1032 1015; x_wconf 91' lang='lat' dir='ltr'>om-</span> 
     </span>
     <span class='ocr_line' id='line_1_13' title="bbox 135 1043 1032 1102; baseline 0 -14"><span class='ocrx_word' id='word_1_115' title='bbox 135 1045 176 1089; x_wconf 87' lang='lat' dir='ltr'>nia</span> <span class='ocrx_word' id='word_1_116' title='bbox 192 1060 216 1088; x_wconf 92' lang='lat' dir='ltr'>ea</span> <span class='ocrx_word' id='word_1_117' title='bbox 231 1059 282 1089; x_wconf 84' lang='lat' dir='ltr'>vasa</span> <span class='ocrx_word' id='word_1_118' title='bbox 297 1058 365 1102; x_wconf 89' lang='lat' dir='ltr'>neque</span> <span class='ocrx_word' id='word_1_119' title='bbox 381 1044 451 1088; x_wconf 77' lang='lat' dir='ltr'>forma</span> <span class='ocrx_word' id='word_1_120' title='bbox 466 1059 536 1102; x_wconf 87' lang='lat' dir='ltr'>neque</span> <span class='ocrx_word' id='word_1_121' title='bbox 551 1045 573 1088; x_wconf 85' lang='lat' dir='ltr'>vi</span> <span class='ocrx_word' id='word_1_122' title='bbox 589 1059 638 1087; x_wconf 94' lang='lat' dir='ltr'>cum</span> <span class='ocrx_word' id='word_1_123' title='bbox 652 1044 713 1088; x_wconf 87' lang='lat' dir='ltr'>labro</span> <span class='ocrx_word' id='word_1_124' title='bbox 730 1043 824 1088; x_wconf 83' lang='lat' dir='ltr'>Mosaico</span> <span class='ocrx_word' id='word_1_125' title='bbox 840 1043 957 1101; x_wconf 83' lang='lat' dir='ltr'>quidquam</span> <span class='ocrx_word' id='word_1_126' title='bbox 974 1059 1032 1088; x_wconf 88' lang='lat' dir='ltr'>oom-</span> 
     </span>
     <span class='ocr_line' id='line_1_14' title="bbox 136 1116 667 1175; baseline -0.004 -13"><span class='ocrx_word' id='word_1_127' title='bbox 136 1133 206 1162; x_wconf 81' lang='lat' dir='ltr'>inuue</span> <span class='ocrx_word' id='word_1_128' title='bbox 221 1116 320 1162; x_wconf 87' lang='lat' dir='ltr'>habuisse</span> <span class='ocrx_word' id='word_1_129' title='bbox 336 1117 482 1162; x_wconf 85' lang='lat' dir='ltr'>demonstrare</span> <span class='ocrx_word' id='word_1_130' title='bbox 499 1132 552 1175; x_wconf 86' lang='lat' dir='ltr'>opus</span> <span class='ocrx_word' id='word_1_131' title='bbox 568 1132 614 1161; x_wconf 91' lang='lat' dir='ltr'>non</span> <span class='ocrx_word' id='word_1_132' title='bbox 629 1119 667 1165; x_wconf 83' lang='lat' dir='ltr'>est.</span> 
     </span>
    </p>
   </div>
   <div class='ocr_carea' id='block_1_5' title="bbox 492 1348 684 1406">
    <p class='ocr_par' dir='ltr' id='par_1_5' title="bbox 492 1348 684 1406">
     <span class='ocr_line' id='line_1_15' title="bbox 492 1348 684 1406; baseline 0 -12"><span class='ocrx_word' id='word_1_133' title='bbox 492 1348 568 1406; x_wconf 74' lang='lat' dir='ltr'>Caput</span> <span class='ocrx_word' id='word_1_134' title='bbox 584 1350 684 1395; x_wconf 85' lang='lat' dir='ltr'>tertium</span> 
     </span>
    </p>
   </div>
   <div class='ocr_carea' id='block_1_6' title="bbox 380 1488 794 1545">
    <p class='ocr_par' dir='ltr' id='par_1_6' title="bbox 380 1488 794 1545">
     <span class='ocr_line' id='line_1_16' title="bbox 380 1488 794 1545; baseline 0.007 -12"><span class='ocrx_word' id='word_1_135' title='bbox 380 1488 422 1533; x_wconf 91' lang='lat' dir='ltr'>De</span> <span class='ocrx_word' id='word_1_136' title='bbox 442 1489 619 1545; x_wconf 78' lang='lat' dir='ltr'>supellectile</span> <span class='ocrx_word' id='word_1_137' title='bbox 639 1489 794 1537; x_wconf 75' lang='lat' dir='ltr'>sanctuarii</span> 
     </span>
    </p>
   </div>
   <div class='ocr_carea' id='block_1_7' title="bbox 341 1627 829 1687">
    <p class='ocr_par' dir='ltr' id='par_1_7' title="bbox 341 1627 829 1687">
     <span class='ocr_line' id='line_1_17' title="bbox 341 1627 829 1687; baseline 0.004 -17"><span class='ocrx_word' id='word_1_138' title='bbox 341 1627 367 1687; x_wconf 79' lang='lat' dir='ltr'>A)</span> <span class='ocrx_word' id='word_1_139' title='bbox 390 1627 484 1671; x_wconf 74' lang='lat' dir='ltr'>llensa</span> <span class='ocrx_word' id='word_1_140' title='bbox 503 1644 603 1685; x_wconf 88' lang='lat' dir='ltr'>panum</span> <span class='ocrx_word' id='word_1_141' title='bbox 622 1628 829 1686; x_wconf 82' lang='lat' dir='ltr'>propositionis</span> 
     </span>
    </p>
   </div>
   <div class='ocr_carea' id='block_1_8' title="bbox 135 1760 1032 2985">
    <p class='ocr_par' dir='ltr' id='par_1_8' title="bbox 135 1760 1032 2985">
     <span class='ocr_line' id='line_1_18' title="bbox 199 1760 1032 1820; baseline -0.001 -13"><span class='ocrx_word' id='word_1_142' title='bbox 199 1763 221 1807; x_wconf 87' lang='lat' dir='ltr'>l.</span> <span class='ocrx_word' id='word_1_143' title='bbox 252 1760 286 1803; x_wconf 86' lang='lat' dir='ltr'>Ad</span> <span class='ocrx_word' id='word_1_144' title='bbox 308 1775 355 1805; x_wconf 88' lang='lat' dir='ltr'>eam</span> <span class='ocrx_word' id='word_1_145' title='bbox 376 1763 492 1805; x_wconf 82' lang='lat' dir='ltr'>sanctuarii</span> <span class='ocrx_word' id='word_1_146' title='bbox 512 1765 601 1820; x_wconf 83' lang='lat' dir='ltr'>partem,</span> <span class='ocrx_word' id='word_1_147' title='bbox 623 1778 677 1820; x_wconf 89' lang='lat' dir='ltr'>quae</span> <span class='ocrx_word' id='word_1_148' title='bbox 698 1763 722 1806; x_wconf 92' lang='lat' dir='ltr'>in</span> <span class='ocrx_word' id='word_1_149' title='bbox 743 1762 900 1820; x_wconf 87' lang='lat' dir='ltr'>septentriones</span> <span class='ocrx_word' id='word_1_150' title='bbox 922 1764 1032 1820; x_wconf 87' lang='lat' dir='ltr'>spectabat</span> 
     </span>
     <span class='ocr_line' id='line_1_19' title="bbox 135 1834 1031 1897; baseline 0.003 -21"><span class='ocrx_word' id='word_1_151' title='bbox 135 1836 180 1894; x_wconf 41' lang='lat' dir='ltr'>1(le</span> <span class='ocrx_word' id='word_1_152' title='bbox 196 1839 231 1887; x_wconf 72' lang='lat'>26,</span> <span class='ocrx_word' id='word_1_153' title='bbox 247 1836 287 1885; x_wconf 79' lang='lat'>353</span> <span class='ocrx_word' id='word_1_154' title='bbox 303 1838 339 1888; x_wconf 82' lang='grc'>40,</span> <span class='ocrx_word' id='word_1_155' title='bbox 356 1839 390 1882; x_wconf 77' lang='grc'>22,</span> <span class='ocrx_word' id='word_1_156' title='bbox 408 1834 463 1881; x_wconf 89' lang='lat' dir='ltr'>Phil.</span> <span class='ocrx_word' id='word_1_157' title='bbox 484 1835 516 1878; x_wconf 89' lang='lat' dir='ltr'>De</span> <span class='ocrx_word' id='word_1_158' title='bbox 536 1835 581 1879; x_wconf 82' lang='lat' dir='ltr'>vita</span> <span class='ocrx_word' id='word_1_159' title='bbox 596 1835 662 1880; x_wconf 85' lang='lat' dir='ltr'>llosis</span> <span class='ocrx_word' id='word_1_160' title='bbox 676 1836 691 1883; x_wconf 80' lang='lat' dir='ltr'>l,</span> <span class='ocrx_word' id='word_1_161' title='bbox 707 1840 727 1884; x_wconf 83' lang='lat'>3,</span> <span class='ocrx_word' id='word_1_162' title='bbox 743 1851 792 1895; x_wconf 87' lang='lat' dir='ltr'>opp.</span> <span class='ocrx_word' id='word_1_163' title='bbox 808 1835 836 1889; x_wconf 81' lang='lat' dir='ltr'>ll,</span> <span class='ocrx_word' id='word_1_164' title='bbox 854 1839 908 1884; x_wconf 77' lang='lat'>151:</span> <span class='ocrx_word' id='word_1_165' title='bbox 924 1843 974 1897; x_wconf 75' lang='grc' dir='ltr'>πρὸς</span> <span class='ocrx_word' id='word_1_166' title='bbox 990 1847 1031 1888; x_wconf 68' lang='grc' dir='ltr'>τοῖς</span> 
     </span>
     <span class='ocr_line' id='line_1_20' title="bbox 140 1907 1032 1968; baseline -0.001 -14"><span class='ocrx_word' id='word_1_167' title='bbox 140 1908 236 1967; x_wconf 76' lang='grc' dir='ltr'>βορείοις)</span> <span class='ocrx_word' id='word_1_168' title='bbox 252 1907 297 1951; x_wconf 81' lang='lat' dir='ltr'>sire</span> <span class='ocrx_word' id='word_1_169' title='bbox 316 1907 447 1966; x_wconf 74' lang='lat' dir='ltr'>ingredienti</span> <span class='ocrx_word' id='word_1_170' title='bbox 467 1908 494 1952; x_wconf 88' lang='lat' dir='ltr'>ad</span> <span class='ocrx_word' id='word_1_171' title='bbox 514 1909 623 1953; x_wconf 84' lang='lat' dir='ltr'>dexteram</span> <span class='ocrx_word' id='word_1_172' title='bbox 640 1908 752 1968; x_wconf 86' lang='lat' dir='ltr'>(siquidem</span> <span class='ocrx_word' id='word_1_173' title='bbox 772 1909 881 1967; x_wconf 79' lang='lat' dir='ltr'>ingressus</span> <span class='ocrx_word' id='word_1_174' title='bbox 902 1910 928 1953; x_wconf 91' lang='lat' dir='ltr'>ab</span> <span class='ocrx_word' id='word_1_175' title='bbox 949 1910 1032 1954; x_wconf 89' lang='lat' dir='ltr'>oriente</span> 
     </span>
     <span class='ocr_line' id='line_1_21' title="bbox 140 1974 1032 2042; baseline 0 -19"><span class='ocrx_word' id='word_1_176' title='bbox 140 1981 193 2041; x_wconf 80' lang='lat' dir='ltr'>erat)</span> <span class='ocrx_word' id='word_1_177' title='bbox 210 1995 302 2023; x_wconf 85' lang='lat' dir='ltr'>mensa</span> <span class='ocrx_word' id='word_1_178' title='bbox 317 1996 415 2038; x_wconf 89' lang='lat' dir='ltr'>panum</span> <span class='ocrx_word' id='word_1_179' title='bbox 431 1982 641 2039; x_wconf 87' lang='lat' dir='ltr'>propositionis</span> <span class='ocrx_word' id='word_1_180' title='bbox 655 1974 918 2042; x_wconf 49' lang='lat' dir='ltr'>(lebdodxffifflfflffl,</span> <span class='ocrx_word' id='word_1_181' title='bbox 932 1986 965 2030; x_wconf 83' lang='lat'>10,</span> <span class='ocrx_word' id='word_1_182' title='bbox 981 1974 1032 2037; x_wconf 54' lang='lat' dir='ltr'>lobi?</span> 
     </span>
     <span class='ocr_line' id='line_1_22' title="bbox 136 2053 1032 2110; baseline 0.006 -16"><span class='ocrx_word' id='word_1_183' title='bbox 136 2058 195 2102; x_wconf 46' lang='lat' dir='ltr'>¹eleo</span> <span class='ocrx_word' id='word_1_184' title='bbox 211 2053 286 2107; x_wconf 75' lang='grc'>111114,</span> <span class='ocrx_word' id='word_1_185' title='bbox 299 2058 318 2101; x_wconf 79' lang='grc'>7.</span> <span class='ocrx_word' id='word_1_186' title='bbox 333 2060 430 2110; x_wconf 83' lang='lat' dir='ltr'>tempore</span> <span class='ocrx_word' id='word_1_187' title='bbox 445 2056 563 2110; x_wconf 87' lang='lat' dir='ltr'>posteriore</span> <span class='ocrx_word' id='word_1_188' title='bbox 579 2055 663 2104; x_wconf 60' lang='lat' dir='ltr'>meilen</span> <span class='ocrx_word' id='word_1_189' title='bbox 675 2054 695 2091; x_wconf 42' lang='grc' dir='ltr'>ΛΨ</span> <span class='ocrx_word' id='word_1_190' title='bbox 712 2055 723 2099; x_wconf 88' lang='lat' dir='ltr'>l</span> <span class='ocrx_word' id='word_1_191' title='bbox 739 2054 834 2107; x_wconf 78' lang='grc'>011128,</span> <span class='ocrx_word' id='word_1_192' title='bbox 852 2060 885 2102; x_wconf 85' lang='grc'>16.</span> <span class='ocrx_word' id='word_1_193' title='bbox 902 2055 924 2099; x_wconf 87' lang='grc' dir='ltr'>ΙΙ</span> <span class='ocrx_word' id='word_1_194' title='bbox 941 2055 1032 2108; x_wconf 69' lang='grc'>011129,</span> 
     </span>
     <span class='ocr_line' id='line_1_23' title="bbox 141 2127 1032 2191; baseline -0.001 -17"><span class='ocrx_word' id='word_1_195' title='bbox 141 2132 175 2175; x_wconf 84' lang='lat'>18.</span> <span class='ocrx_word' id='word_1_196' title='bbox 186 2127 245 2171; x_wconf 84' lang='lat' dir='ltr'>LXX</span> <span class='ocrx_word' id='word_1_197' title='bbox 255 2131 269 2191; x_wconf 77' lang='grc' dir='ltr'>ἡ</span> <span class='ocrx_word' id='word_1_198' title='bbox 280 2133 369 2188; x_wconf 76' lang='grc' dir='ltr'>τράπεζα</span> <span class='ocrx_word' id='word_1_199' title='bbox 385 2140 422 2191; x_wconf 77' lang='grc' dir='ltr'>τῆς</span> <span class='ocrx_word' id='word_1_200' title='bbox 438 2131 568 2189; x_wconf 70' lang='grc' dir='ltr'>προθέσεως)</span> <span class='ocrx_word' id='word_1_201' title='bbox 585 2133 636 2182; x_wconf 90' lang='lat' dir='ltr'>erat,</span> <span class='ocrx_word' id='word_1_202' title='bbox 652 2130 719 2188; x_wconf 80' lang='lat' dir='ltr'>lignis</span> <span class='ocrx_word' id='word_1_203' title='bbox 733 2130 853 2174; x_wconf 86' lang='lat' dir='ltr'>acaciarum</span> <span class='ocrx_word' id='word_1_204' title='bbox 867 2145 919 2174; x_wconf 86' lang='lat' dir='ltr'>auro</span> <span class='ocrx_word' id='word_1_205' title='bbox 934 2130 1032 2174; x_wconf 84' lang='lat' dir='ltr'>obductis</span> 
     </span>
     <span class='ocr_line' id='line_1_24' title="bbox 139 2202 1032 2262; baseline 0.002 -19"><span class='ocrx_word' id='word_1_206' title='bbox 139 2203 263 2244; x_wconf 86' lang='lat' dir='ltr'>constructa</span> <span class='ocrx_word' id='word_1_207' title='bbox 279 2202 353 2262; x_wconf 86' lang='lat' dir='ltr'>(quare</span> <span class='ocrx_word' id='word_1_208' title='bbox 368 2202 433 2246; x_wconf 90' lang='lat' dir='ltr'>etiam</span> <span class='ocrx_word' id='word_1_209' title='bbox 449 2202 511 2253; x_wconf 60' lang='lat' dir='ltr'>*liupo</span> <span class='ocrx_word' id='word_1_210' title='bbox 523 2202 543 2239; x_wconf 73' lang='lat' dir='ltr'>r&gt;</span> <span class='ocrx_word' id='word_1_211' title='bbox 559 2217 633 2248; x_wconf 79' lang='lat' dir='ltr'>meuse</span> <span class='ocrx_word' id='word_1_212' title='bbox 648 2204 730 2247; x_wconf 74' lang='lat' dir='ltr'>licando</span> <span class='ocrx_word' id='word_1_213' title='bbox 746 2203 863 2247; x_wconf 85' lang='lat' dir='ltr'>vocabatur</span> <span class='ocrx_word' id='word_1_214' title='bbox 879 2203 910 2247; x_wconf 76' lang='lat' dir='ltr'>iv</span> <span class='ocrx_word' id='word_1_215' title='bbox 926 2206 961 2256; x_wconf 79' lang='lat' dir='ltr'>m,</span> <span class='ocrx_word' id='word_1_216' title='bbox 973 2208 992 2251; x_wconf 83' lang='grc'>6.</span> <span class='ocrx_word' id='word_1_217' title='bbox 1009 2203 1032 2246; x_wconf 87' lang='lat' dir='ltr'>ll</span> 
     </span>
     <span class='ocr_line' id='line_1_25' title="bbox 137 2273 1031 2334; baseline 0.003 -17"><span class='ocrx_word' id='word_1_218' title='bbox 137 2273 185 2317; x_wconf 75' lang='lat' dir='ltr'>om·</span> <span class='ocrx_word' id='word_1_219' title='bbox 196 2278 231 2327; x_wconf 85' lang='grc'>13,</span> <span class='ocrx_word' id='word_1_220' title='bbox 243 2274 305 2334; x_wconf 83' lang='lat' dir='ltr'>il)1,</span> <span class='ocrx_word' id='word_1_221' title='bbox 322 2275 364 2318; x_wconf 89' lang='lat' dir='ltr'>duo</span> <span class='ocrx_word' id='word_1_222' title='bbox 382 2276 454 2320; x_wconf 88' lang='lat' dir='ltr'>cubita</span> <span class='ocrx_word' id='word_1_223' title='bbox 469 2276 543 2334; x_wconf 79' lang='lat' dir='ltr'>longa,</span> <span class='ocrx_word' id='word_1_224' title='bbox 560 2292 629 2320; x_wconf 89' lang='lat' dir='ltr'>unum</span> <span class='ocrx_word' id='word_1_225' title='bbox 645 2277 742 2320; x_wconf 87' lang='lat' dir='ltr'>cubitum</span> <span class='ocrx_word' id='word_1_226' title='bbox 757 2276 802 2320; x_wconf 89' lang='lat' dir='ltr'>lata</span> <span class='ocrx_word' id='word_1_227' title='bbox 818 2279 881 2334; x_wconf 88' lang='lat' dir='ltr'>atque</span> <span class='ocrx_word' id='word_1_228' title='bbox 897 2292 965 2321; x_wconf 90' lang='lat' dir='ltr'>unum</span> <span class='ocrx_word' id='word_1_229' title='bbox 974 2288 1031 2320; x_wconf 68' lang='lat' dir='ltr'>&#39;cum</span> 
     </span>
     <span class='ocr_line' id='line_1_26' title="bbox 141 2347 1032 2408; baseline 0.003 -18"><span class='ocrx_word' id='word_1_230' title='bbox 141 2347 229 2390; x_wconf 86' lang='lat' dir='ltr'>dimidio</span> <span class='ocrx_word' id='word_1_231' title='bbox 246 2347 296 2400; x_wconf 90' lang='lat' dir='ltr'>alta,</span> <span class='ocrx_word' id='word_1_232' title='bbox 319 2363 368 2391; x_wconf 89' lang='lat' dir='ltr'>cnm</span> <span class='ocrx_word' id='word_1_233' title='bbox 391 2351 494 2406; x_wconf 87' lang='lat' dir='ltr'>quattuor</span> <span class='ocrx_word' id='word_1_234' title='bbox 509 2349 598 2406; x_wconf 85' lang='lat' dir='ltr'>pedibus</span> <span class='ocrx_word' id='word_1_235' title='bbox 620 2352 642 2392; x_wconf 87' lang='lat' dir='ltr'>et</span> <span class='ocrx_word' id='word_1_236' title='bbox 657 2349 747 2395; x_wconf 87' lang='lat' dir='ltr'>totidem</span> <span class='ocrx_word' id='word_1_237' title='bbox 763 2350 839 2403; x_wconf 89' lang='lat' dir='ltr'>anulis,</span> <span class='ocrx_word' id='word_1_238' title='bbox 862 2350 939 2408; x_wconf 90' lang='lat' dir='ltr'>quibus</span> <span class='ocrx_word' id='word_1_239' title='bbox 961 2354 1032 2394; x_wconf 83' lang='lat' dir='ltr'>vectes</span> 
     </span>
     <span class='ocr_line' id='line_1_27' title="bbox 139 2420 1031 2477; baseline 0.006 -15"><span class='ocrx_word' id='word_1_240' title='bbox 139 2420 208 2477; x_wconf 81' lang='lat' dir='ltr'>lignei</span> <span class='ocrx_word' id='word_1_241' title='bbox 223 2421 319 2464; x_wconf 87' lang='lat' dir='ltr'>deaurati</span> <span class='ocrx_word' id='word_1_242' title='bbox 336 2422 362 2464; x_wconf 90' lang='lat' dir='ltr'>ad</span> <span class='ocrx_word' id='word_1_243' title='bbox 378 2438 474 2466; x_wconf 88' lang='lat' dir='ltr'>mensam</span> <span class='ocrx_word' id='word_1_244' title='bbox 491 2422 579 2466; x_wconf 86' lang='lat' dir='ltr'>deloco</span> <span class='ocrx_word' id='word_1_245' title='bbox 595 2423 618 2465; x_wconf 89' lang='lat' dir='ltr'>in</span> <span class='ocrx_word' id='word_1_246' title='bbox 634 2423 705 2466; x_wconf 89' lang='lat' dir='ltr'>locum</span> <span class='ocrx_word' id='word_1_247' title='bbox 721 2422 891 2467; x_wconf 82' lang='lat' dir='ltr'>transferendam</span> <span class='ocrx_word' id='word_1_248' title='bbox 908 2423 1031 2467; x_wconf 88' lang='lat' dir='ltr'>insereban-</span> 
     </span>
     <span class='ocr_line' id='line_1_28' title="bbox 141 2493 1032 2557; baseline 0.001 -19"><span class='ocrx_word' id='word_1_249' title='bbox 141 2497 199 2541; x_wconf 81' lang='lat' dir='ltr'>tur,2</span> <span class='ocrx_word' id='word_1_250' title='bbox 231 2493 366 2550; x_wconf 81' lang='lat' dir='ltr'>Superiorem</span> <span class='ocrx_word' id='word_1_251' title='bbox 387 2510 472 2539; x_wconf 90' lang='lat' dir='ltr'>mensae</span> <span class='ocrx_word' id='word_1_252' title='bbox 492 2495 587 2539; x_wconf 89' lang='lat' dir='ltr'>tabulam</span> <span class='ocrx_word' id='word_1_253' title='bbox 605 2496 707 2539; x_wconf 81' lang='lat' dir='ltr'>exomni</span> <span class='ocrx_word' id='word_1_254' title='bbox 725 2500 786 2553; x_wconf 85' lang='lat' dir='ltr'>parte</span> <span class='ocrx_word' id='word_1_255' title='bbox 806 2497 886 2540; x_wconf 88' lang='lat' dir='ltr'>limbus</span> <span class='ocrx_word' id='word_1_256' title='bbox 903 2497 939 2557; x_wconf 75' lang='lat' dir='ltr'>(n)</span> <span class='ocrx_word' id='word_1_257' title='bbox 955 2511 1032 2540; x_wconf 89' lang='lat' dir='ltr'>aureus</span> 
     </span>
     <span class='ocr_line' id='line_1_29' title="bbox 137 2568 1030 2627; baseline 0.003 -18"><span class='ocrx_word' id='word_1_258' title='bbox 137 2568 253 2620; x_wconf 84' lang='lat' dir='ltr'>ambiebat,</span> <span class='ocrx_word' id='word_1_259' title='bbox 276 2568 314 2626; x_wconf 90' lang='lat' dir='ltr'>qui</span> <span class='ocrx_word' id='word_1_260' title='bbox 328 2568 424 2626; x_wconf 89' lang='lat' dir='ltr'>undique</span> <span class='ocrx_word' id='word_1_261' title='bbox 440 2568 576 2627; x_wconf 88' lang='lat' dir='ltr'>aliquantum</span> <span class='ocrx_word' id='word_1_262' title='bbox 592 2584 654 2626; x_wconf 90' lang='lat' dir='ltr'>super</span> <span class='ocrx_word' id='word_1_263' title='bbox 669 2569 830 2627; x_wconf 78' lang='lat' dir='ltr'>longitudinem</span> <span class='ocrx_word' id='word_1_264' title='bbox 850 2572 872 2613; x_wconf 90' lang='lat' dir='ltr'>et</span> <span class='ocrx_word' id='word_1_265' title='bbox 886 2569 1030 2621; x_wconf 83' lang='lat' dir='ltr'>latitudinem,</span> 
     </span>
     <span class='ocr_line' id='line_1_30' title="bbox 139 2636 1031 2700; baseline 0 -15"><span class='ocrx_word' id='word_1_266' title='bbox 139 2657 205 2700; x_wconf 89' lang='lat' dir='ltr'>quam</span> <span class='ocrx_word' id='word_1_267' title='bbox 220 2641 285 2685; x_wconf 90' lang='lat' dir='ltr'>modo</span> <span class='ocrx_word' id='word_1_268' title='bbox 300 2642 472 2694; x_wconf 87' lang='lat' dir='ltr'>memoravimus,</span> <span class='ocrx_word' id='word_1_269' title='bbox 488 2642 612 2699; x_wconf 85' lang='lat' dir='ltr'>prominens</span> <span class='ocrx_word' id='word_1_270' title='bbox 628 2636 748 2686; x_wconf 82' lang='lat' dir='ltr'>artificiosis</span> <span class='ocrx_word' id='word_1_271' title='bbox 768 2643 840 2686; x_wconf 85' lang='lat' dir='ltr'>incisis</span> <span class='ocrx_word' id='word_1_272' title='bbox 861 2644 882 2686; x_wconf 90' lang='lat' dir='ltr'>et</span> <span class='ocrx_word' id='word_1_273' title='bbox 898 2642 1031 2686; x_wconf 86' lang='lat' dir='ltr'>emblematis</span> 
     </span>
     <span class='ocr_line' id='line_1_31' title="bbox 136 2714 1031 2775; baseline 0 -17"><span class='ocrx_word' id='word_1_274' title='bbox 136 2716 229 2758; x_wconf 88' lang='lat' dir='ltr'>ornatus</span> <span class='ocrx_word' id='word_1_275' title='bbox 245 2717 296 2762; x_wconf 86' lang='lat' dir='ltr'>erat.</span> <span class='ocrx_word' id='word_1_276' title='bbox 316 2714 377 2758; x_wconf 82' lang='lat' dir='ltr'>Infra</span> <span class='ocrx_word' id='word_1_277' title='bbox 392 2715 489 2759; x_wconf 88' lang='lat' dir='ltr'>tabulam</span> <span class='ocrx_word' id='word_1_278' title='bbox 500 2715 535 2775; x_wconf 72' lang='lat' dir='ltr'>(ex</span> <span class='ocrx_word' id='word_1_279' title='bbox 546 2716 703 2758; x_wconf 89' lang='lat' dir='ltr'>nonnullorum</span> <span class='ocrx_word' id='word_1_280' title='bbox 720 2715 822 2772; x_wconf 90' lang='lat' dir='ltr'>opinione</span> <span class='ocrx_word' id='word_1_281' title='bbox 838 2716 861 2758; x_wconf 92' lang='lat' dir='ltr'>in</span> <span class='ocrx_word' id='word_1_282' title='bbox 877 2715 978 2759; x_wconf 86' lang='lat' dir='ltr'>inferiore</span> <span class='ocrx_word' id='word_1_283' title='bbox 994 2731 1031 2772; x_wconf 88' lang='lat' dir='ltr'>pe-</span> 
     </span>
     <span class='ocr_line' id='line_1_32' title="bbox 140 2787 1031 2850; baseline 0.001 -20"><span class='ocrx_word' id='word_1_284' title='bbox 140 2788 192 2830; x_wconf 88' lang='lat' dir='ltr'>dum</span> <span class='ocrx_word' id='word_1_285' title='bbox 206 2787 276 2846; x_wconf 81' lang='lat' dir='ltr'>parte)</span> <span class='ocrx_word' id='word_1_286' title='bbox 293 2790 339 2831; x_wconf 89' lang='lat' dir='ltr'>erat</span> <span class='ocrx_word' id='word_1_287' title='bbox 355 2788 467 2846; x_wconf 82' lang='lat' dir='ltr'>cingulum</span> <span class='ocrx_word' id='word_1_288' title='bbox 483 2788 556 2848; x_wconf 61' lang='lat' dir='ltr'>(fllleb</span> <span class='ocrx_word' id='word_1_289' title='bbox 573 2788 631 2831; x_wconf 85' lang='lat' dir='ltr'>LXX</span> <span class='ocrx_word' id='word_1_290' title='bbox 646 2796 742 2850; x_wconf 78' lang='grc' dir='ltr'>στρεπτὸν</span> <span class='ocrx_word' id='word_1_291' title='bbox 756 2794 853 2850; x_wconf 67' lang='lat' dir='ltr'>rapacior</span> <span class='ocrx_word' id='word_1_292' title='bbox 865 2813 895 2825; x_wconf 92' lang='lat'>=</span> <span class='ocrx_word' id='word_1_293' title='bbox 905 2788 977 2832; x_wconf 88' lang='lat' dir='ltr'>tortile</span> <span class='ocrx_word' id='word_1_294' title='bbox 994 2804 1031 2845; x_wconf 86' lang='lat' dir='ltr'>cy-</span> 
     </span>
     <span class='ocr_line' id='line_1_33' title="bbox 139 2860 1031 2919; baseline 0.01 -17"><span class='ocrx_word' id='word_1_295' title='bbox 139 2861 239 2919; x_wconf 86' lang='lat' dir='ltr'>matium)</span> <span class='ocrx_word' id='word_1_296' title='bbox 261 2860 360 2916; x_wconf 89' lang='lat' dir='ltr'>palmare,</span> <span class='ocrx_word' id='word_1_297' title='bbox 382 2863 403 2904; x_wconf 90' lang='lat' dir='ltr'>et</span> <span class='ocrx_word' id='word_1_298' title='bbox 418 2860 489 2918; x_wconf 85' lang='lat' dir='ltr'>ipsum</span> <span class='ocrx_word' id='word_1_299' title='bbox 504 2860 573 2906; x_wconf 85' lang='lat' dir='ltr'>limbo</span> <span class='ocrx_word' id='word_1_300' title='bbox 589 2875 652 2905; x_wconf 88' lang='lat' dir='ltr'>aureo</span> <span class='ocrx_word' id='word_1_301' title='bbox 669 2861 769 2904; x_wconf 89' lang='lat' dir='ltr'>cinctum.</span> <span class='ocrx_word' id='word_1_302' title='bbox 790 2889 820 2894; x_wconf 84' lang='lat'>—</span> <span class='ocrx_word' id='word_1_303' title='bbox 836 2861 868 2904; x_wconf 77' lang='lat' dir='ltr'>Ex</span> <span class='ocrx_word' id='word_1_304' title='bbox 884 2865 1031 2915; x_wconf 57' lang='lat' dir='ltr'>aima-283</span> 
     </span>
     <span class='ocr_line' id='line_1_34' title="bbox 140 2937 283 2985; baseline -0.007 -4"><span class='ocrx_word' id='word_1_305' title='bbox 140 2938 176 2985; x_wconf 65' lang='lat'>37,</span> <span class='ocrx_word' id='word_1_306' title='bbox 188 2937 283 2981; x_wconf 82' lang='lat'>10—15.</span> 
     </span>
    </p>
   </div>
   <div class='ocr_carea' id='block_1_9' title="bbox 136 3024 1031 3222">
    <p class='ocr_par' dir='ltr' id='par_1_9' title="bbox 136 3024 1031 3222">
     <span class='ocr_line' id='line_1_35' title="bbox 202 3024 1029 3102; baseline 0.002 -16"><span class='ocrx_word' id='word_1_307' title='bbox 202 3049 210 3074; x_wconf 82' lang='lat'>1</span> <span class='ocrx_word' id='word_1_308' title='bbox 223 3048 323 3088; x_wconf 85' lang='lat' dir='ltr'>Nonnulli</span> <span class='ocrx_word' id='word_1_309' title='bbox 338 3060 429 3087; x_wconf 87' lang='lat' dir='ltr'>mensam</span> <span class='ocrx_word' id='word_1_310' title='bbox 444 3047 495 3086; x_wconf 86' lang='lat' dir='ltr'>hanc</span> <span class='ocrx_word' id='word_1_311' title='bbox 511 3047 605 3087; x_wconf 80' lang='lat' dir='ltr'>rarmdrrm</span> <span class='ocrx_word' id='word_1_312' title='bbox 621 3024 688 3088; x_wconf 84' lang='lat' dir='ltr'>vocari</span> <span class='ocrx_word' id='word_1_313' title='bbox 704 3049 785 3098; x_wconf 86' lang='lat' dir='ltr'>putant,</span> <span class='ocrx_word' id='word_1_314' title='bbox 803 3047 856 3098; x_wconf 89' lang='lat' dir='ltr'>quod</span> <span class='ocrx_word' id='word_1_315' title='bbox 872 3051 952 3100; x_wconf 86' lang='lat' dir='ltr'>praeter</span> <span class='ocrx_word' id='word_1_316' title='bbox 967 3062 1029 3102; x_wconf 85' lang='lat' dir='ltr'>panes</span> 
     </span>
     <span class='ocr_line' id='line_1_36' title="bbox 136 3108 1031 3160; baseline 0.004 -12"><span class='ocrx_word' id='word_1_317' title='bbox 136 3110 160 3148; x_wconf 85' lang='lat' dir='ltr'>et</span> <span class='ocrx_word' id='word_1_318' title='bbox 175 3110 210 3148; x_wconf 87' lang='lat' dir='ltr'>tus</span> <span class='ocrx_word' id='word_1_319' title='bbox 225 3108 278 3148; x_wconf 89' lang='lat' dir='ltr'>nihil</span> <span class='ocrx_word' id='word_1_320' title='bbox 293 3109 311 3148; x_wconf 88' lang='lat' dir='ltr'>ei</span> <span class='ocrx_word' id='word_1_321' title='bbox 326 3109 471 3159; x_wconf 84' lang='lat' dir='ltr'>imponeretur.</span> <span class='ocrx_word' id='word_1_322' title='bbox 503 3108 540 3148; x_wconf 80' lang='lat' dir='ltr'>Sed</span> <span class='ocrx_word' id='word_1_323' title='bbox 556 3121 615 3160; x_wconf 89' lang='lat' dir='ltr'>quem</span> <span class='ocrx_word' id='word_1_324' title='bbox 632 3108 657 3148; x_wconf 86' lang='lat' dir='ltr'>ad</span> <span class='ocrx_word' id='word_1_325' title='bbox 673 3108 757 3148; x_wconf 89' lang='lat' dir='ltr'>modum</span> <span class='ocrx_word' id='word_1_326' title='bbox 773 3108 915 3149; x_wconf 81' lang='lat' dir='ltr'>candelabrum</span> <span class='ocrx_word' id='word_1_327' title='bbox 930 3110 959 3151; x_wconf 71' lang='grc' dir='ltr'>ΙΝ</span> <span class='ocrx_word' id='word_1_328' title='bbox 971 3116 1031 3159; x_wconf 53' lang='grc'>214</span> 
     </span>
     <span class='ocr_line' id='line_1_37' title="bbox 138 3168 1030 3222; baseline 0.002 -13"><span class='ocrx_word' id='word_1_329' title='bbox 138 3170 239 3210; x_wconf 88' lang='lat' dir='ltr'>mundum</span> <span class='ocrx_word' id='word_1_330' title='bbox 256 3170 374 3222; x_wconf 87' lang='lat' dir='ltr'>appellatur,</span> <span class='ocrx_word' id='word_1_331' title='bbox 395 3168 450 3220; x_wconf 88' lang='lat' dir='ltr'>quod</span> <span class='ocrx_word' id='word_1_332' title='bbox 471 3182 494 3208; x_wconf 83' lang='lat' dir='ltr'>er</span> <span class='ocrx_word' id='word_1_333' title='bbox 510 3182 558 3209; x_wconf 87' lang='lat' dir='ltr'>auro</span> <span class='ocrx_word' id='word_1_334' title='bbox 575 3183 625 3221; x_wconf 87' lang='lat' dir='ltr'>puro</span> <span class='ocrx_word' id='word_1_335' title='bbox 642 3169 754 3209; x_wconf 81' lang='lat' dir='ltr'>confectum</span> <span class='ocrx_word' id='word_1_336' title='bbox 772 3172 830 3218; x_wconf 87' lang='lat' dir='ltr'>esset,</span> <span class='ocrx_word' id='word_1_337' title='bbox 851 3169 880 3210; x_wconf 88' lang='lat' dir='ltr'>ita</span> <span class='ocrx_word' id='word_1_338' title='bbox 896 3171 976 3212; x_wconf 86' lang='lat' dir='ltr'>nullum</span> <span class='ocrx_word' id='word_1_339' title='bbox 993 3171 1030 3211; x_wconf 90' lang='lat' dir='ltr'>du·</span> 
     </span>
    </p>
   </div>
   <div class='ocr_carea' id='block_1_10' title="bbox 0 0 1114 3388">
    <p class='ocr_par' dir='ltr' id='par_1_10' title="bbox 0 0 1114 3388">
     <span class='ocr_line' id='line_1_38' title="bbox 0 0 1114 3388; baseline 0 0"><span class='ocrx_word' id='word_1_340' title='bbox 0 0 1114 3388; x_wconf 95' lang='lat' dir='ltr'> </span> 
     </span>
    </p>
   </div>
  </div>
 </body>
</html>
