2165 3388
100 122 145 165 590
379 117 424 154 Pars
437 117 461 154 Π.
481 117 616 164 Antiquitates
629 119 716 166 privatae

100 244 139 284 cris
155 244 259 293 effodiunt,
281 244 305 284 de
321 244 396 295 quibus
413 244 565 296 Appuleius
581 246 661 286 lletam.
678 246 690 286 l.
708 252 731 288 2:
753 246 804 296 „Sed
820 246 894 298 oppido
910 246 997 289 formido

101 318 167 345 caecas
187 309 208 346 et
228 305 356 346 inevitabiles
370 306 464 356 ⁴latebras
484 306 575 358 magicae
596 307 720 359 disciplinae.
748 307 799 346 Nam
815 321 852 348 nee
868 311 996 349 mortuorum

100 367 191 418 sepulcra
207 368 253 407 tuta
269 366 371 414 dicuntur,
395 366 430 406 sed
446 368 467 406 et
482 367 549 407 bustis
571 369 591 409 et
607 369 661 422 rogis
676 368 772 419 reliquiae
789 369 886 418 quaedam
903 371 924 409 et
939 370 996 409 cada·

99 441 170 467 verum
183 428 324 480 praesegmina
340 428 363 467 ad
376 427 488 468 exitiabiles
498 427 614 469 viventium
630 430 722 470 fortunas
733 431 851 481 petuntur“.
867 429 894 469 of.
905 430 996 471 Horat.

101 488 164 539 Epod.
178 495 211 537 11,
228 492 279 530 4'1s.
301 488 372 531 Ovid.
388 488 469 528 Heroid.
485 489 521 541 Ep.
540 496 558 539 6,
577 496 626 533 891.
647 491 738 530 Lucan.
754 490 845 530 Pharsal.
863 497 881 539 6,
900 497 965 534 5331.

159 581 189 626 Ut
210 581 307 626 humatio
330 583 354 626 in
375 582 472 639 sepulcro
494 585 585 640 paterno
608 584 683 642 magni
704 583 857 627 aestimabatur
879 584 953 644 (quare
972 585 996 629 in

100 655 164 698 sacris
184 655 262 700 litteris
279 655 380 700 adnotari
402 656 456 700 solet
476 656 604 701 defunctum
622 658 712 701 ultimos
727 656 821 701 honores
837 658 863 701 'et
878 657 950 701 locum
972 658 995 701 in

100 728 197 785 sepulcro
213 731 303 786 paterno
321 729 440 773 obtinuisse
461 728 495 773 Gn
512 735 548 783 49,
565 734 606 781 29;
622 734 657 783 50,
675 735 710 779 13.
732 730 773 773 Jdc
790 735 809 783 8,
826 735 862 778 32,
884 730 995 784 1181112,

100 806 134 849 32.
151 801 193 860 al),
213 803 245 846 ita
260 818 284 846 eo
302 803 386 846 excludi
406 806 428 847 et
448 803 506 847 inter
521 804 621 862 vulgares
636 803 736 847 homines
752 804 836 860 sepeliri
856 819 895 861 pro
912 819 996 847 summa

99 875 220 933 ignominia
236 875 356 920 habebatur
373 875 392 936 (l
407 876 442 934 lig
459 880 494 929 13,
511 882 546 925 22.
568 864 605 920 Jes
624 880 657 930 14,
677 880 725 925 191.
746 876 784 920 der
800 882 836 932 26,
853 876 897 937 23),
924 878 996 935 Atque

99 947 170 992 honor
186 949 278 1006 aepulari
288 949 374 1006 paterni
384 949 490 1007 imprimis
500 949 589 1007 leprosis
605 950 681 1008 negari
691 950 778 1003 solebat,
794 951 853 995 velut
863 950 909 1009 regi
919 947 996 1008 Asarja

100 1021 131 1082 (ΙΙ
148 1020 190 1065 (thr
204 1027 239 1075 26,
251 1027 286 1071 23,
303 1022 329 1066 ct'.
340 1022 362 1066 ΙΙ
373 1022 407 1081 Rg
420 1026 454 1075 15,
466 1026 485 1070 5,
497 1023 526 1082 7).
545 1022 562 1065 E
574 1022 617 1066 iam
627 1037 688 1080 reges
703 1022 769 1066 invisi
785 1023 896 1080 sepultura
911 1023 996 1067 liberali

98 1094 244 1153 privabantur,
261 1099 286 1139 ut
302 1095 377 1140 Joram
394 1095 424 1155 (ll
441 1095 484 1139 Chr
500 1100 536 1146 21,
553 1096 599 1156 20),
618 1094 698 1139 Jehoas
714 1096 751 1157 (ib.
768 1100 802 1149 24,
819 1097 863 1157 25),
883 1095 942 1140 Ahas
958 1097 994 1156 (ib.

103 1173 137 1220 28,
150 1170 194 1229 27),
210 1168 268 1227 quod
283 1168 340 1226 apud
355 1168 408 1212 alias
424 1183 509 1226 quoque
525 1172 601 1226 gentes
617 1168 731 1212 hominurn
741 1168 900 1225 flagitiosorum
916 1185 1005 1214 merces.

100 1244 146 1285 erat
156 1241 228 1299 digna.
246 1241 312 1286 Omni
322 1242 433 1299 sepultura
443 1242 524 1298 privari
539 1243 561 1285 et
576 1242 600 1285 in
617 1257 693 1300 agrum
708 1241 777 1298 proici
792 1242 903 1300 tamquam
917 1242 996 1300 praeda

100 1313 195 1358 ferarum
212 1315 308 1358 maxima
327 1318 373 1359 erat
393 1314 523 1359 contumelia
545 1313 591 1375 (der
608 1320 628 1368 8,
644 1320 669 1367 2;
692 1320 712 1367 9,
729 1317 768 1366 22;
792 1319 827 1368 14,
845 1320 884 1369 16;
907 1320 941 1368 36,
959 1321 994 1364 30.

99 1387 148 1431 1101
165 1395 184 1440 6,
201 1388 229 1448 3),
246 1387 305 1445 quod
320 1390 409 1432 vocatur
425 1388 474 1438 111411
490 1392 554 1437 stirp
571 1389 628 1432 caira
672 1403 688 1431 e.
705 1388 804 1432 animalis
820 1388 877 1445 apud
887 1389 995 1433 Hebraeos

97 1461 204 1505 immundi
215 1462 324 1518 sapidiora
341 1461 364 1521 (J
365 1476 388 1505 er
399 1465 433 1513 22,
448 1462 490 1521 19).
506 1460 566 1505 Idem
579 1461 692 1505 dicendum
708 1463 739 1505 est
750 1461 775 1523 de
786 1461 896 1518 sepultura
907 1462 994 1505 clande-

97 1534 154 1578 stina
170 1534 214 1579 sive
229 1535 276 1578 siue
292 1533 336 1578 ulla
346 1549 426 1592 pompa
441 1538 502 1579 extra
512 1539 583 1578 locum
594 1534 724 1579 honoratum
741 1535 760 1594 (1
770 1534 804 1593 Rg
816 1539 851 1588 13,
862 1536 907 1595 22).
924 1534 994 1588 Quare

97 1610 161 1651 etiam
176 1607 218 1652 riri
232 1608 298 1652 fortes
313 1607 413 1652 hostibus
428 1623 490 1665 saepe
506 1608 620 1652 minantur
636 1623 658 1652 se
674 1622 709 1651 eos
723 1607 843 1664 privaturos
859 1622 904 1652 esse
919 1608 994 1652 funere

97 1683 198 1724 consueto
214 1696 330 1738 eorumque
346 1695 436 1738 corpora
452 1681 547 1733 canibus,
568 1681 649 1733 aribus,
670 1681 721 1724 feris
737 1681 857 1725 devoranda
873 1681 993 1725 obiecturus

97 1754 117 1812 (l
127 1753 164 1798 Sol
176 1758 210 1806 11,
221 1754 326 1814 44-46).
347 1754 409 1798 Unde
420 1754 539 1811 prophetae
555 1768 640 1812 quoque
657 1754 726 1797 clades
736 1753 795 1797 haud
810 1769 858 1798 raro
870 1754 994 1798 describunt

98 1829 209 1884 tamquam
226 1827 329 1880 convivia,
345 1842 399 1884 quae
415 1827 466 1871 deus
482 1827 533 1870 feris
550 1827 575 1870 de
591 1827 704 1871 hominum
721 1827 839 1871 occisorum
855 1826 993 1871 cadaveribus

96 1903 209 1957 praeparet
229 1899 274 1960 (Jer
291 1905 310 1952 1,
327 1904 367 1951 333
390 1905 424 1951 16,
440 1905 460 1948 4.
484 1900 513 1943 En
528 1905 564 1953 29,
581 1906 601 1948 b.
624 1901 650 1943 cf.
666 1901 677 1945 l
692 1900 727 1958 Rg
744 1904 778 1954 14,
797 1906 835 1952 11;
858 1906 892 1953 16,
909 1905 934 1951 4³
957 1906 992 1952 21,

96 1972 449 2033 21,1111g9,ro.1³s19,2).

156 2072 271 2118 Adaoraao.
288 2098 318 2105 -
334 2076 446 2126 Corporum
462 2077 615 2116 cremaaaoram
631 2076 799 2115 consuetudinem
821 2075 874 2127 apud
890 2076 992 2115 Hebraeos

95 2137 185 2188 uiguisse
201 2150 243 2176 non
254 2136 393 2185 concedimus;
409 2137 471 2176 immo
482 2137 561 2177 mortui
572 2137 686 2177 combustio
702 2150 739 2189 pro
755 2139 813 2176 tanto
825 2136 921 2177 dedecore
933 2137 992 2177 habe-

96 2199 163 2246 batur,
180 2200 204 2238 nt
219 2198 323 2238 interdum
339 2197 365 2236 ad
380 2197 476 2236 maiorem
492 2197 598 2237 infamiam
614 2200 704 2238 extremo
721 2198 819 2249 supplicio
830 2198 939 2237 adderetur
956 2193 992 2252 (Lu

96 2265 131 2307 26,
150 2265 188 2307 14;
211 2264 245 2306 21,
264 2265 282 2300 9.
304 2258 340 2298 Jos
359 2265 377 2305 1,
396 2265 429 2301 15.
447 2257 490 2313 25).
517 2258 589 2309 Neque
611 2272 659 2299 vero
680 2261 763 2310 propter
785 2258 899 2310 singulares
921 2271 991 2298 causas

95 2333 178 2370 corpora
193 2320 296 2360 interdurn
313 2321 401 2359 cremata
417 2331 461 2358 esse
476 2332 581 2372 negamus.
603 2319 663 2372 Regis
679 2319 726 2360 Saul
742 2319 823 2370 quidem
840 2320 924 2370 eiusque
940 2319 991 2358 filio-

97 2394 143 2420 rum
159 2393 241 2432 corpora
257 2394 280 2420 ex
296 2393 354 2420 muro
371 2381 428 2419 urbis
443 2381 546 2420 Bethsean
563 2381 645 2421 sublata
661 2380 780 2420 alabesitis
797 2380 902 2420 combusta
912 2393 991 2420 eorum-

95 2455 135 2493 que
151 2454 195 2481 ossa
212 2443 292 2494 sepulta
307 2454 351 2481 esse
368 2442 448 2481 constat
465 2439 483 2497 (1
500 2441 636 2495 Sm31,12).
658 2441 733 2482 Verum
749 2441 770 2481 id
786 2454 870 2493 prorsus
887 2441 991 2493 singulare

94 2503 157 2542 tuisse
173 2503 260 2552 videtur,
282 2503 368 2542 fortasse
387 2515 411 2541 ex
426 2504 484 2542 metu
499 2503 582 2549 factum,
602 2516 628 2542 ne
648 2515 731 2558 corpora
747 2503 827 2554 sepulta
847 2517 859 2541 a
875 2502 990 2542 Philistaeis

93 2565 170 2603 iterum
186 2564 322 2603 effoderentur
337 2563 473 2614 ludibriistlue
489 2563 624 2606 allicerentur.
650 2563 716 2602 Etiam
733 2565 771 2602 Am
789 2571 807 2612 6,
827 2571 852 2606 10
875 2563 899 2603 de
916 2576 991 2602 crema-

94 2625 149 2665 tione
165 2637 271 2676 corporum
288 2626 415 2665 mortuorum
431 2626 522 2676 tempore
538 2624 603 2675 pestis
619 2625 671 2664 tacta
687 2624 720 2675 agi
731 2624 840 2664 verisimile
857 2626 892 2664 est.
916 2624 989 2670 (luam-

94 2699 156 2737 quam
172 2686 207 2724 alii
222 2685 297 2738 putant
312 2686 350 2725 hoc
365 2685 408 2725 loeo
425 2685 449 2724 de
466 2686 607 2725 combustione
623 2689 736 2724 aromatum
753 2685 887 2737 pretiosorum
899 2685 989 2737 cogitan-

94 2747 144 2787 dum
160 2759 208 2794 esse,
225 2760 250 2786 ne
266 2747 301 2797 qui
317 2746 406 2795 aderant,
423 2747 530 2798 pestilenti
547 2747 608 2786 odore
624 2746 775 2787 infestarentur.
797 2747 825 2786 At
841 2748 883 2785 tras
899 2746 929 2785 illi
945 2746 990 2794 loci,

94 2809 170 2858 quibus
191 2808 285 2848 nonnulli
306 2807 391 2859 probare
411 2808 486 2847 volunt
506 2807 561 2858 apud
582 2807 683 2847 Hebraeos
704 2820 781 2847 morem
801 2807 862 2847 fuisse
883 2819 990 2859 corporum

94 2868 252 2917 cl'emandorum,
268 2869 319 2908 tales
335 2872 390 2917 sunt,
406 2869 430 2908 ut
446 2881 478 2908 res
495 2870 554 2909 valde
571 2867 632 2908 dubia
642 2869 674 2907 sit.
695 2869 724 2908 Ac
739 2868 818 2920 primus
834 2868 916 2919 quidem
933 2868 990 2907 loeus

93 2932 126 2969 est
145 2930 166 2969 11
182 2930 220 2969 cnr
240 2936 272 2978 16,
291 2935 317 2972 14
339 2930 375 2969 ubi
395 2929 420 2969 de
441 2943 489 2981 rege
505 2930 546 2969 rlsa
565 2929 673 2969 memoriae
692 2929 796 2981 proditur:
820 2931 991 2980 „composuerunt

93 3003 161 3042 regem
177 2991 199 3030 in
213 2991 264 3030 lecto
275 2990 337 3039 ferali,
355 3004 415 3041 quem
426 2991 566 3043 impleverunt
577 2990 701 3030 aromatibus
717 2994 737 3029 et
748 2990 853 3041 speciebus
871 2987 892 3046 (i,
903 3003 919 3029 e.
931 2982 991 3030 variis

93 3054 206 3091 aromatum
227 3049 340 3105 speciebus)
362 3051 423 3091 coctis
444 3052 467 3091 in
488 3065 538 3092 aeno
559 3053 697 3103 unguentario
713 3051 762 3090 artis
781 3047 816 3107 (sc.
834 3048 988 3106 pigmentariae)

92 3100 147 3159 79111
163 3109 220 3159 agea
236 3103 333 3157 75¹1&th
349 3117 367 3152 et
382 3114 529 3152 corabasseraat
545 3112 563 3151 a
578 3114 716 3152 aaaaaoaem
732 3111 844 3163 rraepaoaaff.
865 3111 922 3151 Alter
933 3112 990 3151 locus

92 3175 250 3223 1111191121,
264 3181 289 3217 19
309 3174 346 3214 ubi
362 3174 386 3213 de
397 3187 444 3226 rege
456 3174 524 3213 doram
536 3172 623 3225 legitur:
639 3175 745 3223 „mortuus
759 3174 790 3213 est
805 3168 862 3219 6519
878 3161 898 3206 lb
914 3160 990 3218 1109115
