2147 3361
485 60 557 98 Iudieia
925 66 971 110 759

77 195 149 258 (Vulg,
166 190 201 233 Du
218 190 251 238 13,
268 189 287 233 a
305 183 351 243 41)
379 182 476 227 Fortasse
492 184 569 228 iudices
586 184 620 228 illi
637 201 650 228 a
666 200 716 244 rege
732 185 852 242 babylonio
869 184 971 243 designa-

75 269 162 319 bantur,
177 264 202 305 ut
212 259 276 303 etiam
287 256 377 300 Judaeis
389 259 437 313 post
448 258 632 316 expuguationem
643 258 841 315 Hierosolymorum
856 258 880 300 in
891 257 970 301 Palae-

76 342 132 386 stina
148 334 225 381 relictis
242 330 331 387 Gedalja
348 329 443 373 Judaeus
459 346 471 373 a
487 345 535 389 rege
550 331 672 387 praelectus
688 334 720 383 est
736 331 767 392 (ll
782 331 815 389 ltg
831 335 914 389 2122.
932 331 971 375 Jer

75 412 156 469 4115).
182 406 237 450 Nam
253 404 311 461 apud
328 405 411 447 veteres
430 418 475 446 non
496 405 540 447 erat
555 405 623 447 moris
645 405 852 470 administrationem
868 404 970 448 omniurn

76 499 146 531 rerum
167 483 209 524 una
229 478 347 535 eademque
367 479 445 520 norma
466 476 578 530 continere,
600 478 638 521 sed
655 479 781 536 plerumque
801 479 898 536 gentibus
916 478 970 521 sub-

75 559 135 604 iectis
151 554 245 612 propriae
261 552 320 610 leges
337 551 359 593 et
375 550 537 593 eonsuetudines
552 550 737 608 relinquebantur.
766 550 832 604 Quare
842 551 971 609 pravissime

76 650 88 676 a
103 626 213 674 nonnullis
231 624 255 668 in
271 623 363 667 dubium
379 625 490 676 venantur,
511 623 603 680 quaein
620 623 712 668 historia
728 623 836 668 Susannae
850 625 971 667 memoriae

75 703 198 762 produntur.
223 697 294 741 lltiam
310 695 389 739 ludaei
404 695 428 739 iu
439 696 536 754 Aegypto
553 697 851 761 eommorautesPtolemaeis
871 710 969 756 regnan-

76 778 132 822 tibus
148 773 190 818 suis
205 769 289 814 iudiciis
306 769 425 812 utebantur
442 767 495 829 (los¹
507 768 539 811 111
551 769 662 828 1412),
679 770 734 813 siout
750 770 797 813 aliis
813 785 896 828 quoque
913 769 969 813 loeis

76 851 135 893 extra
146 843 288 890 Palaestinam
305 841 364 893 sitis,
380 857 432 885 nam
448 856 496 885 oum
512 832 619 899 legislatio
632 841 723 886 Judaioa
739 858 787 886 oum
802 843 907 900 religione
924 845 970 886 arte

76 919 201 969 cohaereret,
221 915 309 959 ludaeis
330 914 362 958 ita
379 914 446 959 faveri
467 928 549 958 neeesse
569 917 621 958 erat.
648 915 717 959 Post
738 915 866 959 exsilium
887 916 970 959 iterum

75 994 154 1038 iudices
175 988 285 1035 inferiores
308 991 330 1031 et
352 987 471 1045 superiores
493 987 599 1045 designati
621 990 683 1031 erant
706 988 754 1049 (Esr
770 993 789 1041 7,
805 991 843 1037 25ς
868 992 902 1040 10,
920 989 970 1047 14);

75 1064 149 1110 causae
165 1066 234 1107 autem
250 1062 362 1120 graviores
383 1061 410 1104 ad
425 1066 466 1112 butt
479 1060 616 1119 yrr'rrefeotrua
632 1061 754 1119 provinoiae
770 1062 802 1105 vel
817 1062 842 1105 ad
859 1077 971 1104 summum

75 1139 204 1184 sacerdotem
220 1135 377 1186 deferebantur,
400 1134 452 1177 dum
471 1137 573 1192 regnante
594 1134 682 1177 Joanne
699 1134 825 1190 Hyreanol
845 1134 971 1190 synedrium

75 1226 178 1270 magnum
193 1209 320 1252 institutum
337 1210 370 1251 est
387 1207 480 1268 (oireiter
495 1221 551 1251 anno
569 1212 614 1256 110
631 1223 648 1250 a.
667 1207 720 1267 011).

135 1311 236 1359 Gabinius,
254 1311 294 1350 dux
311 1310 416 1349 Romanus
433 1309 528 1363 (57—-55
546 1324 562 1350 a.
574 1306 626 1364 Cb),
643 1310 708 1350 totam
725 1310 858 1350 Palaestinam
874 1311 896 1350 in
913 1307 971 1361 qaia

75 1385 109 1426 grie
125 1377 226 1411 coaauaa
248 1371 404 1424 (Hierosolyma.
426 1371 499 1410 Gazara
519 1371 560 1411 siue
582 1371 668 1420 eada-a,
685 1370 792 1419 Amathusy
814 1371 900 1420 Jerieho,
919 1371 971 1422 Sep-

75 1430 152 1488 phoris)
168 1432 279 1479 distribuit,
297 1432 335 1483 qui
351 1431 432 1473 σὺνσδσι
448 1432 481 1472 uel
495 1432 587 1488 συνέδρια
604 1432 763 1482 appellabantur
779 1429 800 1488 (J
805 1444 836 1472 os.
853 1432 884 1471 aJ
898 1438 932 1478 14,
952 1439 971 1475 5.

76 1502 94 1537 1.
110 1494 140 1533 Bu
159 1502 175 1543 1,
193 1499 211 1537 8.
228 1490 255 1548 5).
282 1492 323 1539 aui
340 1494 451 1533 conventus
468 1492 516 1544 quid
531 1492 662 1545 intelligendi
681 1493 729 1540 sint,
752 1506 792 1532 non
808 1493 867 1545 plene
883 1495 942 1532 const
956 1495 971 1533 t.

75 1556 102 1595 De
119 1554 251 1595 conuentibus
273 1554 307 1594 vel
328 1553 459 1606 uectigalium
481 1555 513 1594 vel
532 1553 657 1594 iudioiorum
680 1559 740 1593 eausa
761 1553 860 1594 institutis
884 1554 972 1606 eogitari

74 1617 147 1667 potest.
173 1614 304 1654 irradiabo
323 1616 422 1658 συντελεῖν
439 1612 478 1670 (BJ
496 1622 513 1663 1,
531 1620 549 1657 8.
567 1622 590 1657 5:
609 1613 629 1656 ol
645 1611 707 1657 δ’ἵνα
722 1616 840 1658 corraeos
857 1611 884 1663 εἷς
901 1612 971 1670 Ἀμα-

48 1716 50 1718 .
75 1673 166 1732 θσῡντα),
187 1676 224 1715 hoe
239 1676 340 1715 vocabulo
357 1676 438 1718 σὺνσὸσι
455 1672 497 1729 (ib.)
513 1676 674 1716 commendatur.
701 1675 792 1715 Ceterum
813 1676 833 1715 id
848 1689 884 1727 per
901 1676 971 1715 decem

75 1737 116 1775 fere
138 1749 199 1776 annos
221 1738 304 1776 tantum
326 1736 413 1780 mensib
440 1737 512 1776 deinde
534 1750 545 1775 a
567 1737 652 1776 Caesare
676 1736 781 1776 sublatum
803 1738 832 1777 est
854 1735 917 1792 (anno
942 1743 969 1779 47

75 1811 90 1836 a.
108 1792 157 1849 011),

134 1926 167 1974 ΙΙ.
195 1928 216 1984 1)
237 1926 409 1982 Syuedrium
431 1942 561 1985 maguum
584 1929 698 1988 (συνέδριον
722 1951 751 1963 =
773 1941 894 1979 corruamus,-
918 1926 971 1969 hine

76 2001 149 2046 ΓἾἾιἯῡ
166 1998 194 2045 ll.
209 1998 260 2043 Sota
276 2005 297 2052 9,
317 2005 352 2048 11,
374 1999 509 2048 Kiddnsohin
524 2005 544 2052 4,
561 2003 582 2048 5.
605 1999 727 2045 Sanhedrin
743 2006 763 2052 4,
779 2006 797 2048 3.
818 1992 871 2038 15111
885 2001 903 2035 ’0
916 1999 970 2043 Sam

74 2068 180 2120 1111111,
196 2076 215 2119 a
237 2072 340 2117 triduom
357 2076 377 2124 5,
394 2077 414 2121 3.
437 2064 530 2124 5111111
546 2079 582 2110 a:
600 2072 652 2118 Soa
669 2079 688 2125 1,
705 2079 731 2124 1;
748 2078 766 2125 a
784 2078 802 2121 1.
823 2072 893 2116 diutia
911 2077 932 2123 a,
950 2077 969 2119 1,

75 2141 179 2200 Horajotli
195 2150 214 2197 1,
225 2146 254 2206 5),
271 2148 319 2190 erat
335 2161 444 2189 summum
454 2145 584 2191 ludaeorum
602 2148 652 2203 post
668 2146 812 2203 captivitatem
822 2145 970 2201 Babyloniam

74 2214 181 2269 iudicium,
198 2219 257 2262 ouius
273 2221 338 2263 erant
354 2223 375 2262 et
391 2234 424 2261 res
440 2219 551 2278 religiosae
568 2222 590 2263 et
607 2219 703 2265 oiviles1.
727 2219 788 2261 Haud
803 2218 864 2275 pauci
880 2217 969 2275 quidem

74 2286 114 2331 viri
126 2290 201 2334 eruditi
216 2292 356 2349 potissimum
368 2292 494 2336 auctoritate
509 2292 653 2336 rabbinorum
669 2292 716 2335 nixi
727 2307 829 2349 inagnum
844 2290 900 2334 illud
912 2291 970 2333 iudi-

75 2373 122 2403 eum
144 2363 257 2421 collegium
279 2366 326 2409 iam
347 2365 398 2408 inde
421 2382 433 2408 a
455 2366 512 2409 Mose
534 2366 676 2422 repetendum
699 2380 743 2408 esse
765 2365 905 2416 contendunt,
933 2364 970 2421 qiu

75 2435 208 2493 septuaginta
223 2452 284 2482 senes
301 2438 379 2495 spiritu
400 2439 433 2482 dei
449 2439 547 2496 impletos
568 2439 596 2482 ad
613 2439 717 2496 populum
734 2437 870 2482 coercendum
887 2437 970 2480 eonsti-

74 2505 143 2550 tuerat
163 2508 213 2567 (Nm
231 2515 264 2563 11,
283 2516 312 2559 16
321 2513 352 2570 a).
381 2511 442 2565 Quod
458 2515 529 2556 tamen
544 2512 627 2556 falsum
643 2527 686 2555 esse
702 2511 764 2555 facile
779 2511 933 2568 intellegimus,
951 2510 969 2553 si

74 2578 182 2638 utriusque
201 2586 289 2628 senatus
305 2585 413 2629 rationem
435 2588 497 2644 atque
517 2585 634 2629 eonsilium
655 2584 783 2641 respicimus.
809 2583 865 2627 Nam
882 2586 969 2639 septua-

73 2649 135 2705 ginta
154 2653 186 2697 illi
206 2671 266 2700 senes
287 2658 335 2714 ipso
353 2657 411 2702 Mose
430 2662 521 2703 testante
541 2658 590 2702 ideo
611 2657 752 2715 eligebantur,
772 2659 797 2701 ut
811 2657 917 2714 populum
934 2671 968 2699 res

73 2736 140 2788 nouas
155 2727 278 2773 molientem
295 2738 318 2774 et
333 2732 502 2776 tumultuantem
518 2731 648 2776 auctoritate
663 2745 702 2773 sua
718 2729 840 2773 cohiberent
858 2732 925 2786 atque
942 2728 969 2772 ad

74 2794 168 2841 officium
183 2805 320 2854 r⁴evooarent3
343 2804 467 2860 synedrium
482 2819 587 2863 magnum
603 2818 653 2847 vero
674 2803 701 2846 ad
717 2803 795 2846 iudicia
810 2803 900 2847 ferenda
917 2817 968 2846 oon-

73 2868 172 2914 stitutum
188 2876 238 2918 erat.
265 2875 381 2920 Praeterea
396 2878 511 2935 eollegium
526 2877 581 2921 illud
592 2877 712 2920 lllosaieum
728 2875 754 2919 ad
769 2880 851 2932 tempus
867 2877 968 2919 tantum-

74 2940 137 2984 modo
153 2959 239 2990 munere
260 2963 301 2992 suo
318 2950 451 3007 fungebatur
473 2954 557 3008 etpost
574 2950 659 2994 obitum
675 2949 803 3007 legislatoris
823 2949 903 2993 desisse
920 2964 969 2992 oen-

73 3013 162 3059 sendnm
178 3023 214 3063 est.
241 3021 319 3079 Neque
335 3023 393 3066 enim
408 3026 482 3080 postea
497 3024 520 3068 in
536 3024 603 3067 saeris
619 3022 696 3067 l'tteris
713 3022 757 3066 eius
773 3022 817 3066 ulla
832 3012 916 3066 mentio
933 3022 969 3073 111;

73 3084 153 3130 totiens
175 3106 222 3136 vero
239 3096 405 3140 commemorari
421 3099 532 3153 oportebat
551 3096 654 3154 quotiens
669 3097 756 3139 senatus
776 3096 799 3139 iu
814 3095 908 3139 historia
924 3095 969 3139 lto-
